2334 3842
170 235 238 305 zen
271 246 275 256 ¹
312 277 316 288 .
417 240 464 293 *a
486 231 859 295 0v1n11uss0u1s

180 393 200 444 -ᾒ
241 382 282 437 sd
295 383 436 438 merlinum
450 385 555 454 speeie,
572 382 649 435 venis
662 382 840 453 fugientibus,
857 401 874 436 a
910 400 955 439 ere
992 437 994 444 ,

187 455 223 511 70
274 454 377 506 Ultima
391 460 455 523 pars
469 453 577 504 animae
592 451 659 504 dum
672 451 742 503 mihi
758 461 853 519 restat,
871 471 887 506 a
907 470 947 509 es.
1050 517 1055 525 Ι

239 522 375 593 Quodque
390 526 441 594 eg'o
458 530 638 589 praestarem,
655 520 678 572 si
695 529 725 572 te
746 521 834 591 magis
852 521 912 591 ipse
929 522 1056 590 valeam,

273 591 303 643 ld
316 591 393 656 mihi,
411 608 475 644 oum
489 590 581 641 valeas
599 589 708 652 ionius,
724 589 784 657 ipsa
796 589 882 645 refer.

237 660 284 713 Exi
305 660 327 711 it
347 660 401 712 hoc
415 658 523 711 maiolis
535 676 625 725 amor,
642 657 794 726 foedusque
806 659 954 714 maritum:
974 679 976 682 ’

204 766 208 774 .
303 729 396 780 oribus
414 729 478 791 boe,
497 728 605 794 coniux,
623 727 707 797 exigis
720 726 780 794 ipsa
799 729 862 781 tuis.

173 797 221 855 ,75
237 800 298 851 Hoc
312 796 408 850 domui
429 796 522 861 debes,
540 796 574 848 de
589 812 644 865 qua
657 794 785 860 censeris,
802 806 833 847 ut
841 795 921 852 illam

272 868 334 919 Non
345 865 434 935 magis
447 866 555 934 officiis,
573 881 658 945 quam
671 851 819 984 ffidbitam
835 865 920 920 colas.

239 936 345 988 Cuncta
356 935 424 996 iicet
435 934 536 998 facim
560 934 613 985 rusi
627 934 663 984 sis
722 932 829 997 dabilis,
845 950 925 1001 uxor,

274 1005 335 1055 Non
356 1004 460 1071 poterit
473 1002 549 1056 oredi
566 1002 672 1054 Mareia
691 1001 765 1054 culta
781 1003 842 1055 tibi.

178 1077 201 1112 -“
238 1074 296 1125 Neo
310 1083 403 1124 sumus
414 1071 544 1142 indignis
562 1075 626 1137 nee,
653 1071 676 1122 si
693 1069 732 1122 vis
752 1087 818 1122 vera
835 1070 928 1138 fateri,

188 1140 225 1196 80
273 1140 394 1194 Debetur
406 1141 510 1192 meritis
524 1141 613 1210 gratia
625 1139 702 1191 nulla
720 1140 799 1192 meis.
964 1151 965 1156 ’

236 1209 372 1274 Redditur
383 1210 433 1262 ilbi
443 1210 554 1280 quidem
572 1208 672 1279 grandi
683 1225 748 1260 cum
757 1208 875 1261 foenore
888 1208 977 1276 nobis,

276 1281 384 1344 Necte,
403 1279 425 1331 si
439 1278 532 1347 cupiat
545 1277 665 1342 laedere,
680 1276 754 1329 livor
765 1278 858 1331 hahet.
963 1289 965 1294 ‘

240 1347 293 1399 Sed
308 1356 402 1400 tamen
412 1347 469 1400 hoc
481 1347 563 1400 iactis
579 1347 698 1416 adiunge
715 1347 855 1415 prioribus
866 1363 961 1414 untnu,

177 1425 181 1432 ·
272 1418 324 1467 Pro
338 1416 439 1469 uostris
452 1425 483 1469 ut
496 1416 532 1469 sis
545 1415 691 1467 ambitiosa
702 1413 793 1467 malis.

186 1482 221 1540 85
238 1488 274 1537 Ut
292 1486 382 1536 minus
399 1485 500 1546 infesta
516 1485 624 1537 iaceam
638 1483 762 1554 regione,
780 1484 894 1548 labora;⁴

272 1553 375 1606 Claude
388 1572 441 1607 nec
455 1554 541 1606 offioii
554 1570 620 1623 pars
631 1552 684 1605 erit
699 1552 758 1604 ulia
776 1553 827 1606 tui.

236 1625 337 1692 Magna
350 1626 425 1692 peto,
442 1623 560 1675 sednon
578 1631 673 1688 tamen
690 1620 827 1674 invidiosa
840 1622 961 1692 roganti.

271 1695 362 1761 thue
383 1708 416 1743 ea
428 1709 486 1744 non
498 1699 599 1758 teneas,
616 1700 677 1742 tuta
687 1690 798 1758 repulsa
808 1699 858 1746 tua
877 1700 927 1745 est.

196 1762 202 1794 i
237 1761 295 1812 Nec
306 1760 375 1812 mihi
385 1773 524 1822 succense,
540 1762 622 1812 toties
636 1760 658 1811 si
673 1760 797 1812 carmine
809 1767 917 1825 nostro,

186 1830 222 1888 90
273 1828 353 1891 Quod
363 1828 442 1894 facis,
460 1838 491 1880 ut
504 1829 600 1893 facias,
617 1837 701 1898 teque
721 1828 841 1894 imitere,
859 1845 938 1899 rogo.

235 1897 363 1950 Fortibus
375 1898 493 1950 assuevit
509 1897 621 1950 tubicen
642 1897 786 1965 prodesse;
804 1914 910 1969 suoque

270 1967 331 2017 Dux
342 1966 414 2017 bene
424 1975 578 2036 pugnantes
587 1966 686 2018 incitat
699 1982 747 2018 ore
764 1966 846 2018 viros.

236 2034 309 2086 Nota
319 2043 368 2087 tua
379 2044 420 2086 est
428 2037 560 2105 probitas,
577 2043 734 2105 testataque
746 2035 897 2103 tempusin
911 2050 1005 2089 omne:

273 2103 314 2155 sit
324 2105 410 2156 virtus
427 2106 511 2157 etiam
528 2123 584 2162 non
603 2104 742 2173 probitate
754 2104 856 2158 minor.
942 2133 947 2146 ι

184 2168 218 2225 95
235 2172 297 2225 Non
311 2174 361 2226 tibi
374 2176 521 2226 Arnozonia
539 2183 580 2226 est
592 2190 643 2242 pro
663 2189 713 2225 me
726 2172 860 2224 sumenda
872 2174 986 2239 sectaris,

270 2247 325 2293 Aut
340 2243 429 2295 excisa
452 2243 506 2295 levi
525 2243 602 2313 pelta
617 2241 740 2313 gerenda
757 2259 850 2297 manu.
972 2249 975 2254 '

234 2312 345 2364 Numen
365 2311 537 2365 adorandum
556 2320 614 2375 eat;
632 2328 689 2362 non
706 2319 738 2362 ut
754 2310 825 2362 mihi
842 2310 898 2362 fiat·
912 2312 1038 2375 amioum,

271 2379 326 2431 Sed
343 2380 378 2431 sit
395 2391 427 2432 ut
440 2382 552 2446 iratum,
571 2379 720 2449 quam'fuit
732 2388 817 2444 ante,
841 2380 943 2435 minus.

195 2461 201 2468 ·
237 2448 332 2500 Gratia
355 2450 377 2499 si
390 2450 530 2516 nullust,
546 2448 679 2501 lacrimae
691 2448 743 2500 tibi
755 2449 844 2518 gratia
854 2448 931 2505 fient.
978 2477 980 2482 ·

166 2514 220 2570 100
262 2520 328 2584 ⁸kirre
347 2526 436 2585 potes,
453 2527 501 2570 aut
512 2517 603 2583 nulla,
620 2527 700 2586 parte
717 2533 831 2569 movere
843 2517 918 2571 deos.

237 2588 312 2650 Quae
323 2586 374 2638 tibi
386 2604 421 2637 ne
434 2587 532 2652 desint,
549 2587 620 2638 bene
632 2605 683 2656 per
695 2586 771 2639 mala
785 2595 879 2639 nostra
890 2596 1013 2640 cavetur:

269 2657 367 2725 Meque
381 2656 440 2707 viro
455 2654 542 2707 flendi
556 2656 638 2724 copia
654 2656 728 2708 dives
744 2654 834 2709 adeste
870 2669 872 2674 ·
966 2667 968 2674 ’

236 2727 327 2793 thue
340 2732 473 2778 meseres
485 2733 562 2788 sunt3
581 2724 667 2790 omni,
683 2734 761 2793 puto,
797 2734 925 2793 tempore
937 2723 1022 2777 flebis.

268 2796 322 2845 Has
334 2796 454 2846 Fortuna
464 2793 515 2846 tibi
528 2802 622 2847 nostra
639 2794 777 2846 ministrat
785 2809 868 2862 opes.

168 2858 218 2914 105
235 2860 263 2911 si
275 2878 337 2914 mea
351 2881 426 2916 mors
436 2862 599 2916 redimenda
612 2872 669 2927 tua,
688 2862 762 2932 quod
779 2862 936 2928 abominor,
954 2867 1033 2913 esset:

267 2930 375 2983 Admeti
396 2932 504 2998 coniux,
540 2948 606 2983 uam
618 2933 779 3002 sequereris,
798 2939 871 2983 erato

235 2999 349 3051 Aemula
363 3002 511 3069 Penelopes
521 2950 611 3068 geres,
628 3001 651 3052 si
663 3001 761 3052 fraude
777 2999 898 3068 pudiea·

269 3070 404 3122 instantes
414 3071 498 3122 velles
510 3068 614 3122 fallere
627 3078 836 3138 nuptarprocos.

233 3133 260 3184 si
278 3153 369 3187 comes
382 3138 507 3198 exstineti
522 3154 617 3189 manes
640 3154 787 3209 sequerere
798 3137 903 3202 mariti,

167 3204 218 3257 110
268 3204 342 3254 Esset
357 3203 411 3255 dux
422 3206 490 3266 faeti
510 3207 660 3260 Laodamia
674 3208 726 3260 tui.

233 3269 323 3338 Iphias
336 3280 399 3323 ante
413 3274 507 3348 oeulos
521 3275 573 3326 tibi
582 3285 642 3327 erat
651 3276 789 3344 ponenda,
806 3274 911 3328 volenti

268 3338 371 3406 Corpus
381 3341 413 3394 iu
423 3357 552 3395 accensos
565 3345 676 3398 mittere
687 3344 763 3397 forte
775 3360 868 3415 rogos.
