2334 3842
163 262 232 339 224
434 263 465 319 e.
484 259 632 315 ovum
652 258 850 315 uesou1s

266 408 351 462 Lenia
361 424 413 478 pro
428 406 530 459 misere
541 405 588 458 fac
599 403 684 459 modo
697 406 784 458 verba
796 405 873 476 fuga.

211 514 216 529 .
232 478 326 533 Nescit
340 477 414 529 enim
427 479 533 543 Caesar,
553 476 678 545 quamvis
691 474 757 526 deus
770 476 865 528 omnia
875 478 962 547 norit,

196 588 205 597 .
270 546 387 598 Ultimus
401 545 446 597 hic
503 563 519 597 e
532 545 567 596 sit
579 544 740 596 conditione
753 544 841 599 locus.

183 618 218 674 75
234 618 336 736 quna
345 623 442 667 tenent
454 563 524 665 illle
539 631 635 665 rerum
647 612 795 665 molimina
808 630 930 667 nument

292 701 341 735 ecc
357 692 397 735 est
411 682 524 734 coelesti
538 691 654 751 pectore
667 699 733 734 cura
748 682 848 735 minor.

217 755 290 813 ,Nec
303 761 391 816 vacat,
407 752 438 802 in
451 768 507 820 qua
518 751 572 803 sint
584 751 668 819 positi
678 753 793 821 regione
808 751 945 818 Tomitae,

266 825 415 886 Quaerere,
432 818 551 873 finitimo
563 820 687 872 virloca
700 829 767 872 nota
779 822 881 881 Getae3

198 886 207 939 i
229 895 284 943 Aut
316 890 367 941 uid
375 893 554 942 Sauromatae
564 888 677 954 faciant,
694 889 761 958 quid
775 893 884 960 lazyges
896 906 983 957 acres,

158 1020 165 1024 ,
178 962 215 1017 80
259 961 284 1011 Ι(1
316 968 399 1028 taque
412 962 540 1011 Oresteae
553 959 671 1011 Taurica
685 967 760 1009 terra
772 957 854 1019 deae3

152 1038 156 1049 ·
231 1030 363 1097 Quaeque
375 1027 446 1080 aliae
458 1038 562 1098 gentes,
580 1028 633 1079 uhi
643 1027 750 1097 frigore
764 1028 889 1079 constitit
902 1031 980 1092 Ister,

264 1100 338 1150 Dura
348 1092 443 1153 'rneant
456 1097 541 1151 celeri
553 1106 634 1167 terga
645 1113 696 1166 per
710 1097 799 1148 amnis
812 1113 894 1176 equo.

229 1166 350 1218 Maxima
362 1184 426 1235 pars
440 1166 587 1218 hominum
602 1175 704 1228 necte,
722 1165 901 1234 pulcerrima,
919 1171 1023 1231 cluent,

263 1237 365 1298 ltome3
384 1253 436 1288 nec
447 1236 558 1287 Ausonii
571 1235 667 1287 militis
683 1252 762 1286 arma
773 1235 884 1287 timent.

177 1306 212 1361 86
229 1304 300 1356 Dent
312 1305 418 1357 animos
430 1321 510 1356 arcus
523 1304 587 1370 illis,
604 1304 758 1373 plenaeque
773 1304 931 1373 pharetrae,

264 1376 409 1444 Quamque
422 1373 491 1425 libet
501 1374 593 1445 longis
604 1374 729 1425 cursibus
743 1382 822 1441 aptus
837 1389 939 1443 equus;

229 1442 452 1513 Quodque-sitim
467 1442 588 1495 didicere
602 1442 650 1495 diu
663 1441 783 1494 tolerare
798 1442 972 1510 famemque3

262 1513 396 1582 Quodque
409 1528 526 1582 sequens
539 1512 629 1564 nullas
640 1512 725 1563 hostis
737 1511 852 1564 habehit
866 1525 960 1582 aquas.

226 1576 272 1633 Ird
288 1580 334 1632 dei
349 1581 424 1633 mitis
438 1599 495 1633 non
507 1599 553 1634 me
564 1582 682 1633 misisset
693 1581 721 1632 in
735 1580 827 1646 istam,

174 1652 211 1707 90
262 1650 290 1701 Si
304 1650 367 1702 satis
380 1650 450 1702 haec
458 1650 500 1703 illi
514 1660 583 1703 note
595 1649 700 1715 fnisset,
718 1649 845 1703 humum.

225 1720 284 1772 Nec
295 1736 350 1784 me,
366 1736 420 1771 nec
434 1736 603 1790 quemquam
611 1722 768 1771 Romanum
780 1719 882 1789 gaudet
894 1715 930 1769 ab
944 1716 1028 1780 hoste,

259 1790 358 1858 Meque
372 1788 472 1853 minus,
488 1789 573 1840 ritem
588 1790 633 1839 cui
645 1788 722 1840 dedit
732 1789 800 1857 ipse,
818 1786 920 1857 premi.

225 1856 330 1922 Noluit,
348 1865 379 1907 ut
392 1865 512 1924 poterat,
529 1857 646 1909 minimo
660 1875 707 1910 me
719 1857 837 1925 perdere
850 1865 932 1909 nutu.

260 1925 304 1976 Nil
319 1942 388 1994 opus
403 1934 443 1976 est
456 1925 519 1977 ullis
532 1926 561 1978 in
576 1927 710 1980 meelate
723 1927 807 1979 Getis.

172 1994 208 2050 96
226 1992 385 2065 Sedneque,
399 2012 450 2047 cur
460 2012 594 2061 morerer,
607 1996 759 2066 quidquam
767 1995 838 2047 mihi
847 1993 986 2063 comperit
995 1998 1086 2044 mean:

257 2065 316 2116 Nec
330 2063 420 2115 minus
431 2065 556 2131 infestus,
574 2083 659 2135 quarn
669 2066 731 2131 fuit,
745 2081 804 2116 esse
819 2073 920 2133 potest.

222 2132 295 2185 Τιιηι
307 2150 418 2204 quoque
430 2132 471 2185 nil
483 2135 561 2202 fecit,
579 2134 632 2185 nisi
646 2135 721 2205 quod
734 2134 828 2186 facere
841 2133 900 2202 ipse
913 2131 1003 2203 coegi,

204 2265 207 2274 Ι
257 2203 345 2254 Paene
358 2204 442 2256 etiarn
454 2204 556 2256 merito
566 2205 679 2272 parcior
688 2205 731 2256 ira
742 2220 815 2256 meo.

204 2282 210 2311 1
222 2269 374 2324 olfaciant
386 2272 478 2342 igitur,
495 2290 616 2343 quorum
632 2272 791 2325 mitissimus
803 2274 863 2340 ipse
877 2280 928 2338 est,

123 2352 126 2359 ’
155 2340 208 2395 100
257 2339 337 2392 Alma
350 2341 419 2393 nihil
433 2341 521 2393 maius
532 2344 646 2394 Caesare
658 2352 734 2394 terra
746 2342 834 2408 ferat3

223 2411 313 2478 thue
328 2410 375 2462 diu
385 2410 435 2463 sub
451 2427 484 2463 eo
499 2410 535 2462 sit
545 2411 659 2480 publica
670 2411 780 2463 sarcina
788 2427 899 2474 rerum3

257 2480 363 2548 Perque
377 2495 475 2530 manus
488 2479 568 2532 liuius
580 2480 683 2533 tradita
696 2481 785 2551 gentis
798 2490 851 2532 eat.

220 2549 257 2598 At
266 2555 297 2599 tu
310 2556 370 2600 tam
382 2548 503 2615 placido,
521 2566 606 2630 quarn
618 2567 669 2602 nos
701 2566 792 2618 noque
804 2548 937 2602 sensimus
950 2547 1033 2613 fflum,
1132 2554 1133 2611 l

258 2615 352 2668 Iudice
367 2632 418 2685 pro
431 2617 554 2669 lacrimis
568 2636 617 2670 ora
627 2568 734 2671 resrilve
749 2619 826 2673 meis.
1131 2612 1132 2655 l

152 2684 204 2740 105
220 2686 283 2738 Non
294 2687 382 2754 petito
396 2694 428 2737 ut
440 2687 512 2739 bene
524 2687 570 2751 sit,
587 2687 635 2739 sed
648 2689 689 2739 uti
699 2687 772 2739 male
788 2687 889 2752 tutius3
905 2695 991 2756 utque

255 2756 385 2808 Exsilium
398 2772 478 2808 saevo
492 2754 576 2811 distet
587 2756 621 2807 ab
635 2757 713 2810 hoste
726 2774 830 2810 meum.
905 2794 915 2808 2

222 2826 366 2894 Quumque
374 2820 482 2878 dedere
495 2825 563 2877 mihi
573 2827 729 2894 praesentia
741 2827 856 2878 numina
867 2824 963 2893 vitam,

254 2894 317 2944 Non
329 2894 433 2946 adimat
447 2894 544 2947 stricto
556 2896 700 2964 squalidus
711 2912 775 2947 ense
789 2898 880 2947 Getes.

218 2960 351 3031 Denique,
369 2964 393 3015 si
405 2965 519 3029 moriar,
537 2965 654 3016 subeant
667 2966 791 3033 pacatius
806 2978 905 3016 ervum

150 3022 204 3083 110
255 3033 328 3096 Osse,
345 3048 398 3084 nec
412 3050 428 3084 a
440 3033 567 3101 Scythica
576 3043 672 3085 nostra
682 3042 846 3102 premantur
858 3033 955 3085 humo.

216 3099 276 3151 Nec
288 3099 362 3151 male
376 3103 552 3169 compositos,
568 3111 601 3153 ut
612 3102 719 3154 scilicet
726 3103 823 3154 exsule
836 3102 961 3171 dignum,

253 3166 367 3219 Bistonii
380 3168 485 3221 cineres
497 3171 601 3241 ungula
613 3171 705 3240 pulset
718 3171 790 3241 equi.
1128 3188 1130 3231 i

218 3236 253 3286 Et
263 3252 308 3299 ne,
326 3236 347 3285 si
359 3245 481 3303 superest
494 3239 598 3308 aliquid
610 3249 672 3307 post
684 3241 783 3292 funera
794 3255 899 3304 sensns,
1128 3254 1130 3321 q

250 3305 366 3354 Terreat
377 3301 423 3354 hic
436 3320 530 3357 manes
544 3308 676 3361 Sarmatis
687 3310 788 3361 umbra
797 3325 884 3361 meos.

151 3369 202 3424 115
218 3370 338 3422 Caesaris
352 3370 421 3423 haec
432 3374 556 3428 animum
571 3386 702 3446 poterant
711 3378 807 3441 audita
819 3391 943 3440 movere,
1028 3400 1031 3405 ·
1055 3372 1058 3377 ’
1127 3328 1129 3483 i
