2334 3842
249 914 290 982 Ρ.
339 908 536 980 0v1o11
578 906 832 977 nnsonrs

227 1135 233 1142 .
324 1046 348 1133 1
450 1045 491 1131 Β
594 1042 619 1127 Ι
721 1042 754 1127 S

58 1406 925 1516 Tempsam,102nsistme12m1qanqmnea,
1006 1432 1013 1455 ⁴

96 1523 188 1570 Omne
200 1516 255 1570 fuit
266 1519 361 1570 Musae
372 1532 486 1569 eumen
499 1516 608 1567 inerme
620 1531 713 1568 meae:
788 1557 793 1564 t

58 1585 212 1655 Nullaque,
230 1603 301 1656 quae
315 1585 410 1655 possit,
428 1584 539 1704 seriptis
550 1592 594 1636 tot
604 1583 737 1654 millibus,
756 1594 832 1640 extat

94 1654 206 1706 Littera
214 1655 340 1722 Nasonis,
357 1654 491 1726 sanguino
504 1659 569 1705 enta
579 1652 644 1723 legi.
845 1691 849 1706 .

58 1724 121 1779 Nee
140 1740 310 1804 quemquam
321 1723 562 1791 nostru-nisinen,
579 1722 686 1775 laesere
697 1721 800 1779 libelli:
1005 1726 1022 1779 5

95 1775 220 1844 Artiffcis
235 1792 321 1862 periit
336 1810 401 1845 oum
413 1801 499 1861 eaput
511 1796 577 1843 Arte
590 1808 649 1844 sua.
1008 1807 1011 1816 ¹

60 1864 150 1927 Unus,
169 1861 263 1915 ethos
285 1862 295 1913 i
314 1879 376 1915 sum
390 1870 431 1914 est
443 1860 546 1913 inimia
558 1875 669 1931 magna,
686 1878 841 1931 perennem

97 1929 232 1983 Candoris
244 1877 359 1984 tituYum
372 1948 428 1983 non
442 1931 508 1983 sinit
521 1946 579 1982 esse
595 1930 661 1983 mei.

60 2000 194 2069 Quisquis
208 2000 232 2050 is
248 2009 297 2066 est,
315 2018 383 2052 nam
393 2016 496 2051 nomen
508 1998 600 2050 adhuc
613 2005 759 2070 utcunque
766 2001 879 2071 tacebo,

97 2068 180 2139 Cogit
189 2068 342 2120 inassuetas
353 2084 462 2122 sumere
475 2067 532 2119 tela
547 2084 655 2119 manus.
992 2075 1026 2128 10

60 2137 114 2191 Ille
129 2137 290 2217 relegatum
297 2136 409 2257 &didm
425 2142 445 2187 Δ
485 2135 565 2188 ilonis
580 2134 617 2187 ad
630 2142 707 2188 ortus

95 2208 162 2259 Non
175 2206 240 2259 emit
251 2207 304 2258 exs'
322 2207 345 2258 'o
357 2205 498 2259 delituisse
515 2221 575 2258 suo.
636 2213 640 2232 ¹

60 2276 243 2346 Vulneraque
260 2274 375 2327 immitis
387 2273 516 2343 requiem
529 2271 693 2343 quaerentia
705 2282 803 2328 vexate

97 2350 190 2398 Iactat
205 2349 232 2396 e't
247 2343 277 2397 in
290 2352 352 2396 toto
363 2345 479 2396 nomina
490 2351 588 2397 nostra
601 2342 684 2395 foro:

61 2415 259 2536 Peqpetuoque
273 2412 344 2465 mihi
356 2414 489 2466 sociatam
502 2411 619 2465 foedere
630 2410 698 2463 lecti
991 2418 1025 2473 15

127 2499 164 2534 on
177 2482 284 2551 patitur
296 2482 389 2534 miseri
401 2481 502 2533 funera
512 2481 582 2534 flere
597 2480 659 2535 viri.

62 2555 193 2621 eumque
206 2568 258 2631 eqo
274 2568 372 2624 quassa
382 2568 464 2604 meae
475 2550 649 2619 complectar
660 2550 788 2605 memhra
800 2548 931 2619 carinae3

38 2649 41 2658 ·
99 2619 208 2676 Naufra
239 2618 249 2671 i
263 2620 371 2672 tabulae
385 2627 491 2691 pugnet
503 2620 609 2672 habere
620 2618 685 2673 mei.

62 2694 100 2746 Et
118 2689 167 2761 qui
180 2689 215 2740 de
236 2697 316 2742 uerat
328 2690 433 2741 subitas
448 2690 621 2759 exstinguere
635 2689 776 2758 flammas,

101 2763 127 2811 Is
141 2758 274 2828 praedam
288 2758 381 2810 medio
396 2767 495 2828 raptor
509 2758 543 2809 ah
556 2757 622 2828 igne
632 2759 706 2813 tulit.
991 2759 1027 2815 20

63 2829 175 2885 Nititur
188 2835 221 2878 ut
233 2826 370 2897 profugae
385 2827 475 2880 desint
486 2826 619 2878 elimenta
631 2836 778 2894 senectae;

101 2899 165 2949 Heu
179 2904 284 2967 quanto
294 2896 394 2948 nostris
409 2895 519 2967 dignior
533 2896 594 2964 ipse
606 2895 698 2950 malis!

64 2968 104 3020 1n
115 2964 228 3018 melius!
249 2982 370 3034 quorum
380 2966 466 3085 lonqe
476 2964 545 3016 mihi
557 2965 693 3018 maximus
706 2965 756 3019 ille
768 2961 821 3034 est,

102 3034 159 3097 Qui
173 3042 280 3086 nostras
291 3034 389 3103 inopes
401 3052 437 3086 no
450 3032 492 3085 uit
503 3049 561 3085 esse
571 3035 638 3087 vias.
757 3082 759 3086 ,

63 3101 143 3157 nuic
156 3102 243 3175 igitur
252 3099 368 3156 meritas
381 3112 482 3174 grates,
499 3110 644 3173 uteunque
656 3102 764 3171 licebit,

102 3173 230 3243 Protam
241 3182 387 3226 mansueto
423 3180 517 3226 entare
529 3188 640 3241 semper
653 3188 743 3243 agam.

63 3239 174 3294 Audiet
186 3242 257 3302 haee
271 3244 380 3306 Pontus,
398 3189 486 3293 ficiat
498 3258 614 3311 quoque
622 3241 741 3294 forsitan
750 3241 838 3313 idem,

104 3312 195 3363 Terra
205 3311 241 3363 sit
253 3319 284 3362 ut
297 3310 412 3379 propior
428 3309 602 3362 testificanda
613 3309 691 3363 mihi.

65 3382 106 3432 At
117 3379 179 3449 tibi,
197 3380 312 3456 caloasti
326 3375 373 3452 qui
388 3394 446 3451 me,
463 3377 598 3449 violentep
606 3379 758 3447 iacentem,
824 3445 826 3450 y

67 3490 153 3527 orsa.
172 3474 224 3528 111.
282 3527 285 3544 ,
730 3543 733 3551 Ι
759 3475 783 3528 C
804 3490 820 3525 c
