2334 3842
170 251 234 320 188
477 249 510 305 a.
532 249 684 307 ovrnn
703 246 895 306 asserus

271 396 336 450 Non
351 393 505 450 mentitura
516 401 552 446 tu
571 391 627 446 tibi
638 406 708 447 voce
719 391 815 462 refers

237 467 303 520 Esse
318 466 360 518 tui
377 480 542 530 memorem,
560 461 596 514 de
609 479 664 531 qua
678 462 731 514 tibi
741 463 864 516 maxima
881 479 950 516 sura
963 472 1016 530 est;

275 534 411 604 Quodque
424 540 524 603 potest,
540 547 637 583 secum
653 547 757 583 nomen
773 531 878 586 habere
893 541 982 586 tuum.

237 604 366 659 Vultibus
381 603 431 655 illa
447 601 511 668 tuis,
528 608 663 669 tanquam
681 602 843 669 praesentis,
867 600 1003 668 inhaeret,

185 673 222 731 20
271 675 367 754 Teque
383 679 495 723 remota
511 668 622 738 procul,
648 668 777 721 simodo
797 669 873 736 vivit,
897 680 982 726 ainat.

237 741 352 815 Ecquid,
369 749 401 795 ut
416 738 544 792 incubuit
557 738 630 790 iusto
645 754 724 795 mens
735 755 821 809 aegra
839 739 940 808 dolori,

271 810 353 864 Lenis
367 810 402 861 ab
420 806 565 861 admonito
584 814 702 875 pectore
719 824 834 860 somnus
845 808 924 860 abit?

236 879 317 937 Tunc
332 878 452 930 subeunt
463 891 563 944 curae,
587 875 655 928 dum
666 883 695 928 te
707 875 854 946 lectiuque
867 877 1001 949 locusque

270 947 380 1017 Tangit,
397 956 425 999 et
435 945 553 999 oblitam
571 962 630 997 nou
646 944 712 996 sinit
724 961 782 997 esse
794 945 859 998 mei.

185 1019 222 1078 25
237 1019 272 1070 Et
287 1015 403 1084 veniunt
414 1024 517 1080 aestua,
537 1022 565 1065 et
581 1031 637 1064 nox
648 1014 783 1065 immensa
794 1013 922 1080 videtur5

271 1087 406 1154 Fessaque
419 1084 517 1136 iactati
528 1082 653 1151 corporis
666 1098 728 1134 ossa
738 1081 842 1135 dolent.

236 1155 300 1210 Non
314 1154 444 1222 equidem
461 1152 569 1217 dubito,
589 1151 656 1220 quin
672 1150 743 1203 haec
757 1160 788 1204 et
799 1161 911 1206 caetera
923 1153 1001 1218 fiant,

270 1225 378 1292 Datque
391 1232 455 1274 tuus
480 1219 550 1273 casti
565 1220 644 1290 signa
666 1219 770 1272 doloris
783 1237 878 1275 amor:

235 1292 296 1347 Nec
312 1293 437 1344 cruciere
450 1291 550 1354 minus,
568 1305 653 1358 quam
669 1306 736 1340 cum
749 1289 887 1350 :thebana
903 1297 1045 1344 cruentum

184 1359 221 1419 30
270 1362 393 1413 Hectora
405 1358 562 1412 Thessalico
580 1357 650 1409 vidit
661 1358 697 1409 ab
717 1375 768 1411 axe
781 1358 854 1427 rapi.

238 1429 312 1496 Quid
324 1437 421 1481 tamen
433 1428 492 1496 ipse
506 1443 615 1496 precer,
634 1425 746 1486 dubitet
770 1444 823 1479 nec
843 1425 938 1481 dicere
952 1440 1065 1496 possum,
1134 1460 1135 1491 ,

270 1497 413 1567 ,Affectum
427 1513 511 1577 quem
525 1503 553 1546 te
568 1495 670 1547 mentis
681 1495 786 1548 habere
797 1495 892 1550 velim.

236 1567 333 1622 Tristis
347 1566 394 1619 es?
428 1565 568 1635 indignor,
586 1564 661 1633 quod
677 1580 740 1616 sum
752 1564 804 1615 tihi
817 1582 902 1617 causa
917 1564 1029 1617 doloris:

272 1637 297 1689 N
299 1653 336 1688 on
348 1634 395 1688 es?
413 1642 444 1685 ut
456 1634 557 1684 amisso
569 1633 688 1703 coniuge
701 1632 786 1702 digna
798 1632 884 1686 fores.

185 1705 220 1764 06
236 1707 278 1758 Tu
289 1721 357 1757 vero
369 1712 420 1755 tua
432 1701 535 1754 (iamim
553 1701 627 1765 dole,
644 1701 791 1753 mitissima
807 1702 923 1768 coniux3

269 1775 390 1842 Tempus
405 1778 433 1823 et
444 1787 461 1822 a
473 1769 574 1822 uostris
584 1770 662 1839 erige
672 1771 750 1822 triste
762 1770 859 1823 malis:

236 1834 341 1910 Flequ'e
354 1855 433 1892 meos
446 1854 532 1891 casus.
565 1840 612 1888 Est
631 1839 769 1907 quaedam
781 1840 851 1892 llere
867 1839 998 1910 voluptas.

271 1909 403 1978 Expletur
417 1906 541 1959 lacrimis
555 1906 732 1978 egeriturque
751 1907 841 1963 dolor.

236 1983 327 2048 Atque
341 1977 450 2030 utinam
463 1975 647 2046 lugendaltibi
658 1994 716 2028 non
732 1975 798 2042 vita,
815 1975 865 2030 sed
887 1984 959 2030 esset

185 2045 222 2106 40
272 2049 348 2100 Mors
358 2063 437 2112 mea,
454 2054 546 2097 morte
559 2044 636 2097 fores
651 2046 713 2097 sola
724 2045 825 2109 relicta
837 2048 915 2111 meat
968 2105 972 2110 ,
1054 2081 1057 2086 ,

236 2116 354 2188 Spiritus
364 2115 411 2168 hic
430 2132 482 2185 per
495 2122 523 2166 te
537 2113 643 2182 patrias
655 2114 754 2167 exisset
766 2114 796 2166 in
809 2117 908 2168 aurasl

271 2184 451 2254 Sparssissent
459 2182 595 2237 lacrimae
606 2192 722 2251 pectora
735 2192 831 2236 nostra
862 2186 921 2237 iae!

235 2251 488 2323 supremoquedie
499 2260 601 2305 notum
617 2252 772 2320 spectantia
789 2203 903 2306 coelum
931 2303 936 2313 ,
992 2305 994 2308 .

268 2323 409 2376 Texissent
424 2320 504 2392 digiti
521 2320 630 2373 lumina
649 2330 744 2374 nostra
764 2323 823 2374 tui!

183 2389 219 2453 45
235 2393 270 2445 Et
282 2380 350 2446 cinis
367 2386 520 2443 i'n'tumido
537 2391 642 2460 positus
665 2389 794 2443 iacuisset
806 2391 897 2443 avito!
934 2386 937 2393 ’

269 2462 410 2528 Tectaque
426 2461 554 2512 nascenti
574 2475 676 2528 corpus
698 2459 818 2512 haberet
833 2460 950 2512 humus!

234 2529 361 2599 Denique
373 2537 417 2596 et,
447 2537 480 2580 ut
490 2528 554 2594 vixi,
571 2528 630 2579 sine
652 2527 770 2581 crimine
786 2539 913 2582 mortuus
931 2528 1029 2581 esseuss

263 2601 352 2652 »Nunc
368 2614 433 2649 mea
448 2596 586 2665 supplicio
603 2597 662 2649 vita
671 2597 801 2666 pudenda
813 2614 864 2651 suo
882 2607 933 2653 est.
1028 2594 1031 2600 ’

235 2667 281 2721 Me
294 2667 437 2732 miserum,
455 2666 530 2726 situ,
548 2683 615 2718 cum
631 2666 730 2718 diceris
748 2667 846 2719 exsulis
862 2684 943 2734 uxor,
961 2714 963 2721 s

184 2734 220 2793 50
270 2736 377 2799 ‚Avertis
392 2735 493 2800 vultus,
512 2743 540 2787 et
558 2735 633 2787 subit
654 2752 706 2787 ora
721 2736 823 2789 rubor!

225 2806 281 2858 'Me
292 2805 434 2870 miserum,
452 2804 475 2856 si
484 2813 566 2872 turpe
583 2812 663 2873 putas
675 2804 744 2856 mihi
754 2814 842 2875 nupta
859 2804 965 2856 viderit

270 2876 315 2926 Me
327 2875 469 2940 miserum,
486 2873 548 2925 site
561 2873 619 2924 iam
630 2872 717 2942 pudet
730 2890 788 2927 esse
802 2876 910 2927 meam!

235 2940 358 3010 Tempus
373 2942 423 2996 ubi
439 2950 481 2996 est
495 2941 575 3008 illud,
647 2958 664 2994 o
681 2952 711 2995 te
726 2942 831 2995 iactare
847 2943 958 2995 solebas

272 3010 406 3082 Coniuge,
419 3029 472 3064 nec
483 3027 588 3063 nomen
645 3011 775 3064 simulare
786 3012 861 3077 piri?

184 3075 220 3134 56
236 3078 356 3148 Tempus
372 3079 423 3151 uhi
439 3089 491 3147 est,
508 3096 565 3150 quo
582 3089 621 3150 te,
637 3080 690 3133 nisi
710 3082 734 3133 si
743 3080 818 3153 fugis
837 3080 887 3134 illa
899 3079 1014 3143 referre,

271 3150 306 3199 Et
324 3147 380 3199 dici
396 3147 520 3215 memini,
544 3149 617 3201 iuvit
635 3158 663 3202 et
684 3165 744 3203 ease
758 3149 874 3203 meam?

113 3220 142 3259 ’.
237 3217 331 3283 thue
347 3215 586 3334 probae-dignum
603 3226 655 3285 est,
686 3219 762 3299 omni
778 3220 830 3272 tibi
847 3219 913 3275 dote
929 3213 1071 3286 placebam·

271 3282 348 3361 Adde
369 3290 398 3333 at
414 3299 485 3336 vens
503 3285 593 3340 midta
613 3288 732 3340 faventis
746 3303 835 3342 amor.

235 3349 296 3404 Nec
314 3365 399 3422 mem
414 3352 587 3426 praeferres,
615 3355 656 3412 ita
670 3373 716 3412 res
727 3357 780 3414 tibi
789 3374 894 3431 magne
907 3351 1056 3420 videam-1
1071 3390 1076 3399 ,
