2334 3842
155 240 241 321 ao¹
332 226 333 229 ‘
424 236 838 294 aovronaasours

155 385 208 442 550
259 390 388 457 Ipsasua
409 382 484 438 nicto
497 386 615 438 concidit
635 382 794 438 usaessmunu.
865 422 868 427 ,

222 454 350 506 Protinus
373 454 509 506 invadunt
525 453 662 506 Numidae
682 454 741 504 sine
754 453 864 505 vindice
876 471 1010 525 regnum3

259 527 294 576 Et
310 524 417 593 potitur
434 531 518 592 capta
537 526 649 575 Maurus
672 523 752 574 larba
775 522 869 576 domo.
1144 570 1145 577 ,

159 620 163 627 ¹
188 594 195 608 ‘
225 597 314 662 Seque
332 610 443 670 memor
459 600 594 660 spretum,
612 593 753 644 Thalamis
769 601 873 657 tamen,
887 592 994 663 inquit,
1011 592 1106 646 Elissae
1144 590 1145 639 Ϊ

258 666 298 714 En
312 674 378 732 ego,
393 676 482 731 'quiem
499 662 582 714 toties
599 663 704 732 repulit
719 661 776 726 illa,
791 662 885 713 ¹fruor.

155 731 206 788 555
222 731 379 801 Diffugiunt
394 732 479 800 Tyrii,
499 748 554 800 quo
575 748 716 802 quemque
737 731 796 800 agit
814 747 908 798 marr
926 738 959 783 ut
976 731 1045 784 olim
1097 786 1100 797 ¹

256 801 363 855 Amisso
382 800 482 853 dubiae
499 818 566 872 rege
582 811 721 872 vagantur
734 818 812 870 apes.

224 870 320 922 Tertia
340 870 483 939 nudandas
499 880 648 940 acceperat
667 887 733 922 area
749 886 861 937 messes,

184 974 197 982 -,
259 943 346 1008 Inque
364 954 448 992 cavos
462 941 553 992 ierant
566 939 652 1011 tertia
663 949 755 991 musta
772 940 865 1005 lacus·;

223 1007 340 1061 Pellitur
356 1009 552 1090 Anna‘domo:
567 1009 774 1078 lacrimansque
784 1007 1015 1080 <scandalium

155 1074 208 1132 560
260 1078 378 1131 Moenia.
415 1083 571 1132 Germanae
589 1081 664 1132 iusta
681 1079 730 1131 dat
747 1087 813 1130 ante
832 1094 907 1131 suae.

223 1146 305 1199 Mista
321 1148 421 1200 bibunt
438 1148 538 1203 molles
554 1149 679 1201 lacrimis
695 1156 839 1218 unguenta
863 1147 991 1211 favillae;

258 1217 369 1270 Vertice
385 1218 485 1270 libatas
503 1218 699 1288 accipiuntque
723 1235 827 1271 comas.

190 1318 195 1327 ·
223 1287 342 1355 Terque,
359 1287 437 1351 Vale,
457 1287 540 1339 dixit:
577 1288 685 1339 cineres
704 1295 748 1338 ter
767 1287 803 1339 ad
819 1304 872 1346 ora
889 1286 994 1340 relatos

258 1356 367 1424 Pressit,
398 1358 485 1409 et‘est
504 1357 558 1408 illis
575 1356 636 1409 visa
654 1357 766 1408 subesse
789 1373 878 1408 soror.

155 1419 206 1478 565
223 1427 312 1480 Nacta
328 1436 417 1479 ratem
435 1426 570 1479 comitem
592 1444 627 1478 ne
644 1426 737 1496 fugae,
755 1426 825 1494 pede
837 1424 942 1478 labitur
962 1441 1073 1496 aequos

258 1496 369 1547 Moenia
385 1496 542 1564 respiciens,
563 1445 650 1547 'dulce
671 1497 774 1547 sororis
791 1512 869 1564 opus.
1033 1522 1037 1535 ι

223 1564 331 1616 Fertilis
345 1573 386 1616 est
396 1565 499 1627 Melite,
521 1565 610 1615 sterili
622 1565 715 1616 vicina
731 1566 851 1633 Cosyrae

258 1633 366 1700 Insula,
392 1650 477 1703 quam
490 1633 587 1702 Libyci
607 1634 738 1686 verberat
753 1633 829 1685 unda
843 1632 919 1686 freti,

187 1742 190 1747 .
223 1705 301 1754 Hanc
320 1703 400 1771 petit,
417 1702 538 1771 hospitio
557 1702 632 1773 regis
652 1704 758 1755 conlisa
774 1711 893 1754 vetusto.

149 1770 206 1824 ‘570
257 1775 362 1841 Hospes
380 1788 466 1840 opum
484 1772 559 1822 dives
573 1789 622 1823 rex
639 1773 679 1824 ibi
698 1777 793 1824 Battus
811 1781 879 1824 erat.

222 1842 276 1904 Qui
288 1849 436 1909 postquam
459 1840 557 1892 didicit
574 1858 656 1893 casus
675 1843 820 1911 utriusque
828 1841 948 1904 samris3

259 1912 349 1973 Haec,
373 1909 472 1978 inquit,
489 1910 574 1961 tellus
594 1912 839 1980 quantulacunque
850 1919 905 1961 tua
923 1918 974 1963 est.

223 1979 257 2029 Et
277 1978 500 2048 tamen-hospitii
512 1990 648 2033 servasset
661 1981 696 2032 ad
708 1981 807 2032 ultima
824 1995 937 2045 munus3

259 2048 312 2102 seb
325 2048 422 2099 timuit
440 2066 556 2119 magnas
572 2050 759 2120 Pygmalionis
775 2065 851 2118 opes.

155 2115 206 2170 575
224 2118 308 2189 Signa
316 2127 497 2170 recensuerat
513 2119 555 2169 his
573 2119 615 2170 sol
632 2136 700 2171 sua:
718 2120 816 2170 tertius
836 2118 905 2169 ibat

258 2193 359 2250 Annus,
378 2195 407 2239 et
429 2187 567 2239 exsulibus
584 2197 663 2240 terra
681 2187 892 2257 perendino-va
910 2199 961 2241 est.

222 2257 321 2308 Frater
338 2257 424 2323 adest,
440 2256 572 2376 belloque
593 2258 672 2326 petit.
706 2260 763 2309 Rex
781 2273 860 2308 arma
881 2274 1010 2326 perosus,

257 2328 314 2378 Nos
334 2342 427 2378 sumus
440 2326 526 2379 imbel
539 2344 575 2391 es,
601 2336 633 2377 tu
650 2327 717 2397 lnge
736 2342 837 2396 sospes,
855 2326 905 2380 ait.

223 2398 299 2447 Iussa
312 2394 395 2467 fugit,
413 2405 553 2466 tantoque
568 2405 659 2447 ratem
675 2396 828 2448 committit
838 2404 866 2447 et
882 2397 974 2452 undis.

155 2460 208 2519 680
258 2467 388 2533 Asperior
406 2465 502 2534 quovis
520 2482 642 2534 aequore
653 2466 743 2517 irater
763 2474 831 2518 erat.

224 2534 270 2587 Est
285 2551 372 2604 prope
385 2535 507 2603 piscosos
525 2534 645 2603 lapidosi
658 2535 794 2586 Crathidis
809 2551 905 2587 amnes

256 2606 343 2654 Purus
356 2619 438 2673 ager:
457 2605 591 2655 Cameren
604 2605 698 2656 incola
716 2606 800 2656 turba
818 2612 930 2656 vocant.
997 2596 1000 2609 ⁸

224 2673 295 2725 Illuc
314 2688 412 2729 cursus·
422 2680 490 2727 erat.
525 2675 585 2725 Neo
598 2673 709 2744 longius
726 2675 817 2726 abfuit
830 2673 903 2737 inde,
935 2704 940 2709 ·

260 2745 350 2805 Quam
359 2751 500 2813 'quantum
514 2742 609 2795 novies
621 2747 734 2796 mittere
754 2742 842 2794 funda
856 2751 955 2810 potest.

154 2812 207 2869 585
222 2810 292 2866 Vela
304 2812 407 2864 cadunt
423 2812 526 2880 primo,
545 2821 580 2864 et
598 2813 682 2865 dubia
694 2813 833 2865 librantur
846 2813 882 2864 ab
895 2828 973 2864 aura.

258 2881 367 2943 Findite
380 2881 509 2951 remigio,
528 2883 622 2934 navita
640 2882 716 2945 dixit,
738 2896 833 2952 aquius.
1060 2878 1063 2883 ⁴
1144 2878 1145 2885 ’

222 2950 352 3019 Dumque
363 2960 465 3018 parant
480 2959 555 3003 torto
572 2952 728 3004 subducere
745 2953 862 3004 carbasa
876 2950 944 3018 lino,
964 2974 966 2979 ·

257 3019 416 3071 Percutitur
426 3020 525 3089 rapido
543 3022 642 3090 puppis
660 3022 770 3073 adunca
785 3024 875 3073 Noto:

222 3091 309 3157 Inque
326 3097 423 3157 patens
440 3107 555 3159 aequor,
573 3091 677 3142 frustra
694 3099 836 3161 pugnante
847 3090 990 3161 magistro,

155 3157 207 3212 590
256 3159 370 3210 Fertur:
388 3167 415 3210 et
436 3175 468 3210 ex
482 3160 569 3212 oculis
579 3161 637 3213 visa
648 3161 753 3230 refugit
768 3161 878 3213 humus.
1007 3180 1011 3185 ·

224 3225 356 3278 assiliunt
364 3227 479 3292 flnctus,
497 3228 611 3298 imoque
624 3249 640 3281 a
657 3229 767 3311 gurgite
779 3240 884 3299 pontus

257 3296 389 3361 Vertitur,
408 3305 436 3348 et
447 3307 530 3349 canas
540 3298 634 3350 alvens
645 3298 738 3351 haunt
751 3312 847 3368 aquosi

224 3363 352 3421 Vincitur
371 3382 415 3417 ars
432 3374 532 3417 rento:
562 3367 987 3422 necummoderatorhcteut·
1054 3430 1055 3433 Ἴ
1086 3394 1089 3399 >
