2334 3842
136 227 180 289 20
231 180 235 185 ’
402 224 435 279 r.
460 221 615 277 ovmu
643 200 836 275 uu‘sonls

249 283 260 312 i

137 372 190 434 465
207 368 286 423 Unde
300 378 396 439 petam
408 383 504 420 causus
517 366 621 418 horum
634 380 801 434 moremque
811 342 980 423 sscroiunr?

242 440 351 510 Dirigst
365 439 395 490 in
409 437 502 489 medio
516 435 579 506 quis
591 453 654 486 mes
669 435 732 487 vele
747 436 841 488 freto?
928 470 930 475 ,

205 513 268 580 Ipse
280 526 374 572 mone,
393 523 464 577 quae
479 522 583 557 nomen
598 506 683 557 hebes
702 522 719 556 u
739 505 865 560 carmine
884 506 1011 577 ductum,

242 579 443 647 Propositoque
457 575 530 642 fave,
548 591 584 626 ne
599 583 662 626 tuus
683 583 759 626 erret
770 576 867 630 honos.

207 651 274 700 Orta
287 648 365 716 prior
384 649 476 711 Luna,
496 645 530 696 de
549 661 578 695 se
596 644 619 695 si
640 644 765 709 creditur
779 645 840 713 ipsi,

95 726 100 751 ⁸
136 716 190 775 470
241 721 264 768 Α
278 710 478 785 mugno'tellus
492 713 601 766 Arcade
620 730 724 766 nomen
739 714 832 768 habet.

204 786 257 839 Hie
269 784 324 836 fuit
337 785 476 836 Evander:
494 784 550 853 qui,
567 796 740 863 quampiam
759 782 850 836 clarus
868 791 998 857 utroque,
1038 788 1042 797 '

239 854 367 907 Nobilior
379 870 475 905 sacrae
482 870 617 923 sanguine
629 853 726 904 metris
739 863 808 905 eret.

207 928 284 990 Quae
295 923 379 976 simul
391 923 529 975 aetherios
544 922 638 973 animo
656 930 825 990 conceperat
835 923 928 994 ignem

240 997 294 1045 Ore
308 992 471 1055 dabatmo
484 991 620 1057 carmina,
638 990 721 1060 pleno
733 992 787 1044 dei.

135 1061 188 1119 475
204 1063 316 1115 Dixerat
329 1061 409 1127 haec,
438 1071 504 1113 nato
519 1070 612 1112 motus
626 1061 738 1125 instare,
756 1060 872 1129 sibique,

239 1131 381 1201 Multaque
395 1140 551 1200 praeterea,
572 1139 701 1199 tempore
721 1139 805 1181 nacta
818 1130 911 1185 fidem.

204 1201 277 1253 Num
289 1201 406 1264 iuvenis,
417 1196 495 1252 'vera
506 1200 625 1251 nimium
640 1215 705 1251 cum
722 1208 813 1250 matre
831 1200 955 1272 fugatus,

241 1270 347 1323 Deserit
360 1269 509 1321 Arcadium
524 1255 757 1337 Parrhasiumque
772 1268 870 1324 lsrem.

205 1339 254 1390 Cui
270 1339 394 1410 genetrix
406 1340 502 1405 flenti,
535 1342 662 1394 Fortuna
674 1338 799 1400 viriliter,
829 1338 929 1409 inquit,

135 1405 188 1463 480
239 1408 325 1475 Siste,
349 1425 429 1477 puer,
456 1408 594 1474 lacrimas,
612 1408 666 1460 ista
677 1407 793 1459 ferenda
810 1408 861 1459 tibi
878 1417 929 1463 est.

203 1477 249 1530 sic
267 1478 368 1529 eratin
390 1478 472 1530 satist
498 1495 550 1530 nec
567 1487 596 1528 te
609 1487 659 1529 tua
675 1476 759 1545 culpa
771 1477 888 1546 fugavit,

239 1547 294 1599 Sed
307 1546 387 1598 deus:
412 1544 519 1598 offenso
542 1545 637 1616 pulsus
652 1563 680 1598 es
693 1547 763 1597 urhe
777 1546 838 1600 deo.

204 1617 267 1668 Non
287 1616 380 1667 meriti
397 1633 517 1683 poenam
530 1616 643 1684 pateris,
671 1614 720 1666 sed
734 1616 858 1667 numinis
874 1616 957 1669 irum·

238 1688 283 1735 Est
297 1684 401 1753 aliquid
413 1684 521 1755 magnis
533 1684 644 1736 crimen
660 1685 754 1737 abesse
781 1685 870 1736 melis.

136 1754 189 1818 485
207 1753 322 1805 Conscia
336 1770 414 1804 inens
428 1762 460 1805 ut
471 1753 573 1823 cuique
586 1771 636 1805 sue
649 1762 698 1820 est,
721 1754 761 1805 ite
781 1754 904 1823 concipit
916 1753 992 1806 iutra

240 1824 356 1874 Pectora
370 1836 423 1890 pro
437 1823 514 1874 fecto
532 1840 665 1893 spemque
680 1832 843 1892 metumque
857 1841 915 1879 suo.

204 1893 262 1945 Nec
277 1900 372 1942 temen
387 1900 419 1942 ut
435 1892 540 1960 primus
556 1910 653 1944 moero
667 1892 741 1944 melu
751 1894 820 1946 talis
831 1906 943 1963 metus:

239 1960 338 2012 Obruit
351 1961 477 2030 ingentes
488 1962 540 2012 ista
552 1963 677 2032 procelle
693 1964 775 2016 viros.

207 2033 303 2083 Passus
312 2029 397 2095 idem,
420 2030 511 2100 Tyriis
523 2032 570 2100 qui
591 2031 732 2102 quondam
753 2032 848 2101 pulsus
867 2031 903 2085 ab
923 2031 998 2100 oris‚'

135 2096 189 2155 490
239 2099 370 2165 Cadmus,
399 2099 428 2151 in
449 2100 537 2152 Aonie
557 2101 681 2153 constitit
698 2102 774 2153 exsul
788 2102 885 2154 humo.

203 2171 299 2222 Passus
311 2169 386 2221 idem
400 2169 517 2238 Tydeus,
543 2179 571 2222 et
587 2170 663 2222 idem
682 2173 835 2242 Pagasaeus
851 2170 945 2225 lisois:

237 2236 274 2307 *Et¹
284 2255 353 2308 quos
365 2248 510 2308 praeterea
521 2239 606 2309 longe
617 2239 725 2292 referre
743 2254 823 2292 mors
836 2248 885 2292 est.

204 2309 292 2360 Omne
305 2308 396 2361 solum
411 2304 479 2360 forti
495 2309 588 2378 putria
602 2319 657 2371 est;
675 2318 707 2361 ut
723 2309 843 2377 piscihus
856 2324 980 2379 aequor,vv

241 2381 276 2429 Ut
290 2377 408 2442 volucri,
424 2388 512 2430 vtcuo
526 2378 662 2448 quidquid
677 2379 707 2429 in
725 2380 794 2431 orbe
808 2388 894 2448 patet.

135 2444 187 2505 495
204 2447 263 2499 Nec
275 2445 337 2497 fero
349 2455 498 2516 tempestus
511 2455 573 2499 toto
584 2456 682 2499 tumen
703 2447 801 2500 horret
817 2449 957 2500 in‘unno:

169 2552 175 2557 .
239 2517 272 2566 Et
286 2515 346 2579 tibi,
364 2517 448 2568 crede
461 2517 538 2582 mihi,
559 2524 689 2587 tempora
704 2518 777 2568 veris
794 2524 884 2572 eruut.

203 2584 325 2637 Vocibus
342 2586 469 2637 Evander
483 2586 596 2637 firmata
611 2595 704 2638 mente
725 2587 847 2655 parentis

239 2656 314 2706 Nave
328 2663 404 2707 secet
421 2656 538 2719 flnctus,
564 2657 781 2725 Hesperiamque
795 2662 881 2710 tenet.

203 2724 318 2793 lemque
331 2732 421 2776 retem
434 2723 536 2775 doctus
551 2727 660 2776 monitu
681 2726 833 2777 Carmentis
847 2725 878 2778 in
890 2739 1005 2777 munem

135 2791 189 2848 500
238 2795 348 2863 Egeria,
367 2802 396 2844 et
407 2793 502 2846 Tuscis
523 2795 621 2846 obvius
638 2794 697 2846 ibat
712 2795 800 2863 equis.
854 2794 856 2799 ⁴

203 2861 338 2915 Fluminis
359 2862 499 2927 illnlstus,
516 2865 562 2915 cui
574 2872 641 2914 simt
660 2863 731 2915 vada
741 2865 837 2915 iuncte
853 2861 980 2929 Terenti,

238 2930 371 2999 Adspicit,
397 2941 425 2983 et
439 2949 545 3000 sparsas
556 2950 608 3002 per
625 2933 689 2985 locs
701 2933 761 2986 sola
773 2950 859 2986 casas.

203 3002 296 3067 thue
310 3008 377 3064 erat,
394 3000 523 3055 immissis
543 3003 659 3071 puppim
672 3004 748 3055 stetit
761 3012 826 3055 ante
843 2998 969 3070 capilli83

239 3068 434 3138 Continuitque
449 3086 563 3131 manum
577 3081 657 3123 torva
676 3072 798 3141 regentis
812 3071 873 3125 iter.

136 3134 187 3190 505
203 3139 238 3190 Et
252 3137 352 3205 procul
364 3139 393 3189 in
405 3138 530 3191 dextram
547 3141 665 3193 tendens
681 3156 730 3192 suo
747 3140 864 3194 brachie
877 3140 978 3212 ripen>

236 3206 323 3259 Pinea
343 3225 399 3259 non
414 3225 482 3261 sano
501 3217 546 3261 ter
568 3210 640 3278 pede
659 3218 733 3262 texta
754 3210 829 3263 ferit.
935 3234 939 3239 ’

203 3277 279 3329 Neve
294 3277 373 3328 deret
383 3277 485 3329 saltum
502 3294 655 3346 properans
671 3281 797 3331 insistere
814 3288 918 3346 teme,

237 3345 289 3400 Vix
302 3354 343 3397 est
354 3347 475 3399 Evandri
483 3348 584 3418 vixque
600 3357 711 3405 retente
722 3365 818 3403 mun.
