2334 3842
162 237 225 305 256
452 242 484 296 Ρ.
505 239 651 294 ovum
670 238 866 295 NASONIS

388 381 923 450 EPISTOLAX.'

505 470 770 523 necao.

168 613 172 620 *
231 557 354 659 Ecquid
366 588 401 640 ab
412 589 562 656 impressae
575 581 719 659 cognoscis
731 586 854 659 imagine
867 603 997 658 gemmae

231 673 234 682 ¹
269 661 344 711 Haec
357 657 410 708 tibi
421 661 559 709 Nasonem
573 658 697 710 scribere
711 658 805 721 verba,
823 658 938 709 Macer?
961 675 967 687 ·

231 727 414 795 Auctorisque
432 727 475 777 sui
488 726 511 777 si
527 735 639 779 nonest
654 725 771 777 annulus
783 724 874 791 index,

267 798 303 848 Co
325 795 418 846 nitane
431 803 470 848 est
482 805 579 847 nostra
591 796 686 847 littera
700 795 778 846 facta
790 796 899 846 manu?

131 898 138 914 f
198 865 216 920 6
232 868 274 916 An
285 813 336 917 eiii
349 863 479 916 notitiam
492 880 573 917 mora
583 864 718 933 temporis
729 864 810 931 eripit
824 863 946 916 horum?

265 936 324 986 Nec
335 941 465 1001 repetunt
481 933 554 985 oculi
568 934 646 1003 signs
658 941 765 984 vetusta
778 931 839 984 tui?

232 1001 273 1053 Sis
286 1001 352 1053 licet
365 1000 467 1054 oblitus
477 1003 582 1069 pariter
594 1017 776 1072 gemmaeque
789 1018 951 1074 manusque,

267 1069 405 1122 Ercidsrit
416 1079 526 1123 tantum
542 1087 578 1123 ne
591 1071 645 1123 tibi
661 1088 728 1123 cura
740 1070 806 1124 mei.

119 1197 126 1206 ⁸
232 1141 324 1202 Quam
333 1148 365 1190 tu
375 1138 420 1192 vel
431 1140 509 1210 longi
523 1140 607 1191 debes
619 1139 791 1192 convictibus
803 1139 874 1207 aevi,

182 1207 217 1263 10
266 1208 317 1260 Vel
327 1224 391 1280 mea
403 1209 479 1279 quod
492 1210 592 1280 coniux
605 1226 662 1261 non
675 1208 766 1261 aliens
778 1208 844 1271 tibi3
933 1253 934 1256 ,

230 1276 281 1332 Vel
291 1277 396 1341 studiis,
413 1278 512 1347 quibus
526 1295 564 1346 es,
584 1295 668 1347 quam
682 1277 906 1346 nos‚‚sapientius
917 1295 996 1347 usus3

266 1349 356 1416 thue
372 1346 460 1412 decet,
479 1347 555 1399 nulla
568 1348 660 1399 factus
670 1364 699 1399 es
712 1352 778 1398 Arte
790 1362 902 1399 nocens.

232 1416 275 1468 Tu
287 1415 361 1466 canis
377 1421 491 1468 aeterno
505 1416 639 1485 quidquid
652 1417 777 1468 restabat
787 1418 918 1481 Homero,

265 1485 306 1535 Ne
322 1494 435 1536 careant
448 1501 557 1537 summa
566 1486 668 1538 Troica
678 1484 754 1537 bella
766 1501 859 1538 manu.
926 1510 928 1515 ·

182 1551 215 1610 15
231 1552 303 1605 Naso
315 1570 415 1621 parum
428 1553 558 1622 prudens,
575 1560 671 1606 Artem
685 1554 752 1606 dum
764 1554 850 1610 tradit
863 1552 984 1621 amandi,

266 1623 417 1676 Doctrinae
428 1623 551 1692 pretium
562 1623 643 1676 triste
658 1624 791 1694 magister
802 1623 896 1677 habet.

230 1693 299 1743 Sunt
310 1698 406 1742 tamen
419 1692 493 1744 inter
502 1709 533 1744 ss
550 1693 711 1744 communia
723 1709 802 1744 sacra
813 1694 918 1762 poetis3

266 1758 411 1811 Diversum
427 1761 551 1830 quamvis
565 1762 681 1830 quisque
694 1776 843 1831 sequamur
855 1761 919 1813 iter·
1011 1805 1016 1824 ,

229 1829 355 1892 Quorum
366 1836 394 1880 te
406 1845 569 1896 memorem,
588 1846 757 1900 quamquam
769 1830 869 1899 procul
879 1831 1016 1898 absumus,
1026 1842 1076 1883 esse

179 1897 216 1951 20
265 1897 402 1965 Suspicor,
422 1907 449 1948 et
464 1914 543 1949 casus
556 1898 629 1950 velle
641 1899 734 1951 levare
745 1901 832 1954 meos.¹

230 1966 270 2018 Te
285 1965 364 2030 duce,
382 1966 544 2037 magnificas
557 1967 637 2024 Asiae
650 1970 838 2037 perspeximus
852 1967 951 2023 urbes:

263 2034 403 2086 Trinacris
418 2044 459 2087 est
472 2036 569 2102 oculis,
586 2044 615 2088 te
627 2037 707 2102 duce,
725 2046 793 2089 nota
803 2038 883 2090 meis.
1022 2095 1024 2100 ,

230 2102 354 2156 Vidimus
367 2109 488 2157 Aetnaea
501 2105 613 2158 coelum
627 2105 818 2175 splendescere
829 2106 956 2177 flamma,

264 2173 424 2241 Suppositus
437 2175 527 2226 monti
540 2191 626 2244 quam
636 2175 726 2227 vomit
739 2192 787 2226 ore
801 2176 894 2245 gigas3

178 2240 213 2296 25
229 2243 429 2313 Hennaeosque
443 2241 529 2309 lacus,
547 2252 575 2295 et
588 2243 692 2296 olentia
705 2252 803 2313 stagna
817 2244 910 2311 Palici,

265 2313 380 2380 Quaque
391 2311 446 2362 suis
460 2315 569 2380 Cyanen
583 2313 682 2365 miscet
694 2317 753 2368 Ana
774 2329 805 2364 us
820 2314 907 2382 aquis.
1003 2357 1005 2360 ,
1066 2367 1069 2376 ,

231 2380 290 2432 Nec
299 2380 398 2448 procel
410 2380 475 2433 hinc
484 2381 639 2449 Nymphaei,
652 2398 732 2451 quae,
764 2379 979 2452 umfugitElidis
991 2391 1095 2443 amnon,

265 2451 350 2500 Tecta
365 2449 416 2501 sub
430 2465 570 2519 aequorea
581 2468 657 2502 nunc
687 2467 801 2520 quoque
814 2451 904 2503 currit
917 2467 996 2520 aqua.

145 2567 153 2586 ,
230 2519 282 2570 Hic
296 2516 365 2569 mihi
375 2517 494 2569 labentis
510 2535 573 2588 pars
588 2520 654 2572 anni
667 2536 713 2570 ma
754 2528 897 2587 aperacta
913 2529 963 2574 est.

178 2582 215 2642 30
265 2585 340 2638 Eheu
355 2602 441 2655 quam
453 2585 546 2655 di'spar
559 2597 601 2639 est
611 2588 691 2640 locus
702 2536 752 2640 iffi
765 2589 856 2642 Getis!
1026 2639 1029 2640 γ

194 2693 197 2702 .
230 2658 264 2707 Et
275 2664 364 2724 quota
375 2672 439 2734 pars
450 2655 520 2707 haec
532 2664 597 2707 sunt
610 2673 716 2721 rerum,
735 2674 803 2726 quas
818 2657 938 2711 vidimus
951 2656 1040 2726 ambo,
1060 2717 1064 2723 Ι

127 2761 134 2764 -
221 2741 222 2748 ’
265 2726 304 2777 Te
316 2724 386 2776 mihi
396 2724 529 2776 iucundas
542 2726 681 2778 efficiente
694 2725 765 2778 sias!

156 2827 161 2834 »
229 2795 283 2845 Seu
295 2794 515 2847 ratexcaeruleas
529 2794 605 2861 picta
617 2795 783 2858 sulcavimus
794 2795 898 2849 undas:
1001 2841 1003 2844 .

265 2861 363 2915 Esseda
377 2880 427 2915 nos
439 2863 506 2933 agili
520 2862 576 2930 sive
591 2864 680 2917 tulere
694 2872 765 2917 rota.

177 2927 213 2983 86
228 2932 278 2981 sae
299 2946 314 2981 e
326 2930 415 2984 brevis
429 2932 509 2986 nobis
523 2931 630 2985 vicibus
642 2933 688 2984 via
702 2933 760 2986 visa
771 2933 920 3003 loquendi3

95 3003 100 3008 ’
196 3029 201 3042 ι
263 2946 407 3069 Fimoque,
426 3000 447 3051 si
460 3000 598 3067 numeres,
614 3003 700 3054 verba
710 3002 789 3056 fuere
801 3003 900 3073 gradu

227 3069 314 3134 Saepe
327 3068 384 3119 dies
398 3086 526 3121 sermone
540 3070 633 3121 minor
647 3071 716 3134 suin
734 3072 818 3140 inque
834 3070 1004 3143 loquendum

264 3135 356 3186 Tarda
370 3153 420 3202 per
432 3138 548 3189 aestivos
560 3138 652 3190 defuit
664 3140 734 3192 hore
744 3140 812 3193 dies.

229 3202 276 3253 Est
286 3201 399 3271 aliquid,
418 3221 497 3256 casm
509 3208 614 3274 pan'ter
625 3208 749 3261 timuisse
763 3209 895 3275 marinos,

177 3265 212 3323 40
262 3273 415 3338 Iunctaque
429 3271 464 3322 ed
475 3289 627 3343 aequoreos
640 3286 705 3328 vota
718 3277 812 3329 tulisse
825 3277 905 3331 deos:
1042 3339 1045 3345 ,

227 3338 261 3387 Et
276 3337 360 3389 modo
377 3354 421 3390 res
436 3340 522 3409 egisse
533 3344 633 3411 simu15
651 3346 737 3399 modo
752 3363 846 3399 rursus
861 3348 896 3401 ab
909 3345 973 3412 illis,
