2334 3842
322 252 568 311 PASTORUM
596 255 679 309 LlB.
701 257 749 310 IV.

88 399 209 451 Alterius
223 398 311 453 voluit
326 397 428 453 mensis
439 398 545 453 habere
560 399 667 454 locum.

61 467 282 538 Principiumque
293 468 334 520 sui
346 470 464 539 generis,
482 470 665 539 revolutaque
679 486 820 540 quaerens

83 537 217 604 ,Saeculaq
236 546 369 608 cognatus
386 540 462 590 venit
477 539 513 590 ad
526 556 614 619 usque
624 539 699 593 deos.

61 606 204 659 Dardanon
217 606 328 658 Electra
340 608 459 660 nesciret
470 608 609 660 Atlantide
626 617 736 661 cretum

28 692 29 701 ¹
90 675 215 738 Scilicet3
233 675 362 728 Electran
374 678 554 729 concubuisse
566 676 649 729 Iovi?

28 760 29 765 ¹
62 745 142 797 Huius
156 743 367 797 Erichthonius:
384 748 455 797 Tros
469 755 510 799 est
525 755 673 816 generatus
687 746 804 802 abilloz
881 740 885 747 ’

90 818 245 866 Assaracon
259 824 336 866 creat
347 815 407 866 hic:
425 819 630 884 Assaracusque
646 817 747 884 Capyn.

61 882 197 936 Proximus
214 883 359 948 Anchisen,
378 900 443 935 cum
457 902 512 954 quo
527 900 677 935 commune
692 884 819 953 parentis

90 953 152 1004 Non
166 951 317 1022 dedignata
330 961 371 1005 est
383 970 488 1005 nomeu
504 952 609 1005 habere
620 955 721 1007 Venus.

62 1021 127 1074 llinc
138 1030 214 1073 satus
226 1027 341 1086 Aeneas,
358 1021 448 1091 pictas
461 1030 587 1091 spectata
600 1038 651 1090 per
665 1023 754 1093 ignes,

92 1094 183 1158 Sacra,
201 1100 369 1160 patremque
381 1091 512 1158 humeris,
532 1091 620 1144 altera
634 1107 724 1160 sacra,
738 1091 814 1147 uuit

28 1184 30 1229 p
63 1159 187 1211 Venimus
202 1159 238 1211 ad
252 1160 318 1212 felix
330 1160 480 1230 aliquando
492 1176 599 1212 nomen
611 1159 677 1211 Iuli:

28 1244 29 1249 ¹
93 1228 169 1280 Unde
181 1229 280 1281 domus
295 1233 418 1281 Teucros
434 1229 504 1281 Iulia
518 1238 566 1281 tau
586 1229 610 1279 it
620 1246 694 1282 avos.
723 1244 724 1249 ¹

28 1332 29 1335 κ
62 1297 200 1350 Postumus
214 1297 297 1350 buie:
315 1299 374 1368 qui,
392 1299 468 1368 quod
478 1299 553 1350 silvis
566 1247 622 1349 duit
638 1306 716 1351 ortus
728 1299 758 1351 iu
769 1298 845 1366 altit,

28 1380 30 1385 ¹
95 1365 189 1419 Silvius
205 1366 236 1418 in
249 1367 329 1419 Latia
340 1378 423 1438 gente
436 1376 551 1420 vocatus
567 1375 637 1418 erat.

28 1480 29 1485 ,
62 1437 146 1504 Isque,
163 1435 270 1501 Latine,
287 1436 341 1488 tibi
353 1446 434 1556 pater
447 1446 503 1499 est:
521 1436 596 1488 subit
608 1435 680 1488 Alba
691 1432 840 1492 Latinum:

28 1526 29 1555 1
94 1505 233 1565 Proximus
249 1514 289 1557 est
302 1506 356 1557 titu
368 1507 390 1557 is
403 1506 506 1574 Epitos,
523 1506 602 1567 Alba,
620 1505 685 1557 tuis.

28 1568 30 1593 ³
63 1570 109 1624 llle
121 1572 195 1625 dedit
207 1574 292 1643 Capyi
304 1574 427 1627 recidiva
441 1575 579 1627 vocabula
592 1575 706 1628 Troiae:

95 1644 125 1692 Et
139 1652 202 1695 tuus
216 1652 257 1695 est
269 1643 354 1710 idem,
374 1644 494 1713 Calpete,
512 1643 605 1695 factus
618 1660 696 1696 avus.

65 1709 178 1781 Cumque
190 1712 276 1782 patris
289 1729 408 1783 regnum
422 1713 573 1782 posthunc
588 1713 734 1765 Tiberinus
746 1713 879 1778 haberet3

93 1781 197 1833 Dicitur
211 1782 242 1833 in
253 1784 359 1833 Tuscae
374 1783 485 1853 gurgite
497 1799 604 1834 mersus
619 1798 718 1851 aquae.

28 1858 36 1921 s
66 1849 116 1900 Iam
129 1858 225 1902 tamen
237 1851 378 1921 Agrippan
395 1852 529 1922 genitum,
546 1851 752 1921 Remulumque
762 1860 897 1923 nepotem

28 1926 30 1971 l
94 1917 217 1973 Viderat:
235 1919 266 1971 in
280 1920 427 1972 Remulum
437 1920 557 1975 fulmina
571 1920 655 1972 missa
665 1921 771 1975 ferunt.

66 1985 139 2038 Venit
150 1987 299 2041 Aventinus
312 1997 376 2058 post
390 1990 455 2043 bos:
474 1990 552 2043 locus
567 1989 632 2041 inde
646 1998 771 2056 vocatus,

29 2058 30 2101 ξ
95 2057 169 2108 Mons
183 2075 305 2128 quoque.
340 2058 498 2111 Postillum
513 2057 616 2111 tradita
628 2075 716 2128 regna
727 2061 841 2115 Procae.

29 2176 30 2201 ¹
68 2123 776 2248 litt{tPltlliPlPlltt‘PP‘Pml

29 2260 31 2325 i
68 2258 128 2314 Ense
142 2264 215 2316 cadit
228 2273 329 2333 patruo
343 2268 460 2316 Lausus:
478 2264 572 2333 placet
591 2263 643 2315 Ilia
654 2264 754 2330 Marti3

29 2328 31 2359 ²
96 2332 185 2402 Teque
196 2332 278 2403 perit,
296 2334 407 2403 gemino
420 2334 515 2385 iuncte
529 2333 644 2397 Quirine
656 2336 755 2385 Remo.

68 2394 111 2450 Ille
125 2417 185 2453 suos
200 2418 313 2471 semper
326 2405 463 2454 Venerem
476 2405 651 2470 Martemque
664 2411 795 2471 parentes

29 2494 30 2533 p
97 2468 179 2535 Dixit3
197 2480 226 2524 et
241 2474 362 2525 emeruit
375 2470 452 2523 vocis
465 2471 568 2523 habere
581 2471 677 2525 fidem.

29 2540 31 2607 ζ
69 2533 135 2589 llere
146 2540 271 2606 secuturi
283 2550 395 2609 possent
406 2541 514 2593 nescire
527 2549 659 2609 nepotes3

29 2612 31 2671 i
97 2606 230 2677 Tempora
245 2608 287 2661 dis
305 2609 414 2680 generis
427 2610 589 2663 continuata
603 2609 688 2662 dedit.

29 2696 30 2743 3
70 2672 116 2724 ded
130 2678 242 2731 Veneris
256 2695 384 2731 mensem
398 2679 482 2730 Graio
495 2696 625 2731 sermone
636 2688 764 2732 notatum
808 2704 812 2709 -

29 2766 30 2771 ¹
98 2746 234 2814 Auguror:
253 2765 270 2798 a
282 2746 387 2817 spumis
401 2756 442 2799 est
454 2747 505 2800 dea
517 2748 591 2801 dicta
605 2747 699 2798 maris.

71 2807 122 2862 Nec
133 2815 182 2867 tibi
196 2816 231 2867 sit
245 2816 350 2868 mirum
365 2816 447 2867 Graio
459 2833 521 2877 rem
531 2818 645 2869 nomine
655 2816 727 2868 dici:

29 2916 30 2939 2
100 2882 164 2934 Itala
178 2902 243 2936 nam
257 2885 340 2937 tellus
354 2886 473 2937 Graecia
484 2887 574 2938 maior
590 2893 657 2937 erat.

29 2970 31 3043 p
71 2943 178 3003 Venerat
190 2953 315 3006 Evander
327 2954 409 3023 plena
422 2971 488 3005 cum
500 2954 587 3006 classe
600 2969 730 3006 suorum:

29 3048 31 3083 ,
100 3017 213 3074 Venerat
221 3023 339 3090 Alcides,
359 3022 457 3074 Graius
471 3032 589 3092 uterque
602 3039 698 3092 genus.

73 3081 166 3205 Hospes
177 3092 317 3149 Aventinis
332 3100 489 3144 armentum
502 3092 578 3160 pavit
590 3091 619 3141 in
631 3090 725 3144 herbis

29 3166 30 3187 ³
103 3155 236 3230 Caviger:
255 3170 282 3213 et
295 3170 372 3213 tanto
386 3168 428 3214 est
441 3160 540 3212 Albula
555 3169 622 3229 pota
634 3160 696 3215 deo.

29 3230 31 3319 p
74 3218 127 3273 Dux
139 3243 245 3364 (proque
257 3230 387 3284 Neritius.
421 3231 515 3282 Testes
530 3232 862 3300 Laestrygonesexstautz

29 3324 31 3353 :
103 3291 135 3342 Et
167 3299 221 3349 uod
235 3299 325 3352 adhuc
340 3300 431 3352 Circes
443 3299 559 3350 nomina
572 3298 650 3351 littus
664 3299 758 3352 habet.

29 3358 31 3405 l
75 3354 105 3408 Et
114 3360 166 3417 iam
178 3367 319 3441 Telegoni,
336 3367 394 3422 iam
406 3367 518 3447 moenia
530 3368 640 3422 Tiburis
657 3368 706 3421 udi
