<?xml version="1.0" encoding="UTF-8"?>
<!DOCTYPE html PUBLIC "-//W3C//DTD XHTML 1.0 Transitional//EN"
    "http://www.w3.org/TR/xhtml1/DTD/xhtml1-transitional.dtd">
<html xmlns="http://www.w3.org/1999/xhtml" xml:lang="en" lang="en">
 <head>
  <title>
</title>
<meta http-equiv="Content-Type" content="text/html;charset=utf-8" />
  <meta name='ocr-system' content='tesseract 3.04.00' />
  <meta name='ocr-capabilities' content='ocr_page ocr_carea ocr_par ocr_line ocrx_word'/>
</head>
<body>
  <div class='ocr_page' id='page_1' title='image "./operaomnia00unkngoog/operaomnia00unkngoog_0253.png"; bbox 0 0 2334 3842; ppageno 0'>
   <div class='ocr_carea' id='block_1_1' title="bbox 206 224 1035 323">
    <p class='ocr_par' dir='ltr' id='par_1_1' title="bbox 206 224 1035 323">
     <span class='ocr_line' id='line_1_1' title="bbox 206 224 1035 323; baseline 0.012 -19"><span class='ocrx_word' id='word_1_1' title='bbox 206 249 260 304; x_wconf 83' lang='lat' dir='ltr'><strong>ax</strong></span> <span class='ocrx_word' id='word_1_2' title='bbox 280 247 437 307; x_wconf 77' lang='lat' dir='ltr'><strong>rouro</strong></span> <span class='ocrx_word' id='word_1_3' title='bbox 463 248 606 309; x_wconf 70' lang='lat' dir='ltr'><strong>asser.</strong></span> <span class='ocrx_word' id='word_1_4' title='bbox 628 249 710 309; x_wconf 79' lang='grc' dir='ltr'>ιιι.</span> <span class='ocrx_word' id='word_1_5' title='bbox 731 224 850 307; x_wconf 77' lang='lat' dir='ltr'><strong>uua.</strong></span> <span class='ocrx_word' id='word_1_6' title='bbox 870 249 908 306; x_wconf 86' lang='lat'><strong>11.</strong></span> <span class='ocrx_word' id='word_1_7' title='bbox 971 250 1035 323; x_wconf 75' lang='lat' dir='ltr'><strong>sss</strong></span> 
     </span>
    </p>
   </div>
   <div class='ocr_carea' id='block_1_2' title="bbox 29 395 1038 3384">
    <p class='ocr_par' dir='ltr' id='par_1_2' title="bbox 110 395 814 463">
     <span class='ocr_line' id='line_1_2' title="bbox 110 395 814 463; baseline 0.001 -11"><span class='ocrx_word' id='word_1_8' title='bbox 110 398 195 452; x_wconf 83' lang='lat' dir='ltr'><strong>Divus</strong></span> <span class='ocrx_word' id='word_1_9' title='bbox 210 397 245 451; x_wconf 85' lang='lat' dir='ltr'><strong>ah</strong></span> <span class='ocrx_word' id='word_1_10' title='bbox 258 396 367 461; x_wconf 68' lang='lat' dir='ltr'><strong>excelsa</strong></span> <span class='ocrx_word' id='word_1_11' title='bbox 376 396 462 453; x_wconf 78' lang='lat' dir='ltr'><strong>Iulius</strong></span> <span class='ocrx_word' id='word_1_12' title='bbox 473 396 543 463; x_wconf 75' lang='lat' dir='ltr'><strong>aede</strong></span> <span class='ocrx_word' id='word_1_13' title='bbox 555 395 640 451; x_wconf 73' lang='lat' dir='ltr'><strong>vitet.</strong></span> <span class='ocrx_word' id='word_1_14' title='bbox 811 446 814 453; x_wconf 25' lang='grc' dir='ltr'>ι</span> 
     </span>
    </p>

    <p class='ocr_par' dir='ltr' id='par_1_3' title="bbox 75 464 944 608">
     <span class='ocr_line' id='line_1_3' title="bbox 75 464 793 538; baseline -0.003 -16"><span class='ocrx_word' id='word_1_15' title='bbox 75 471 124 522; x_wconf 88' lang='lat' dir='ltr'><strong>His</strong></span> <span class='ocrx_word' id='word_1_16' title='bbox 137 466 320 532; x_wconf 84' lang='lat' dir='ltr'><strong>Messallinus,</strong></span> <span class='ocrx_word' id='word_1_17' title='bbox 339 466 440 538; x_wconf 85' lang='lat' dir='ltr'><strong>quibus</strong></span> <span class='ocrx_word' id='word_1_18' title='bbox 457 468 551 529; x_wconf 84' lang='lat' dir='ltr'><strong>omnia</strong></span> <span class='ocrx_word' id='word_1_19' title='bbox 565 467 668 521; x_wconf 81' lang='lat' dir='ltr'>cedere</span> <span class='ocrx_word' id='word_1_20' title='bbox 680 464 793 536; x_wconf 82' lang='lat' dir='ltr'><strong>debent,</strong></span> 
     </span>
     <span class='ocr_line' id='line_1_4' title="bbox 109 535 944 608; baseline -0.004 -17"><span class='ocrx_word' id='word_1_21' title='bbox 109 537 237 591; x_wconf 87' lang='lat' dir='ltr'><strong>Primum</strong></span> <span class='ocrx_word' id='word_1_22' title='bbox 249 535 375 589; x_wconf 81' lang='lat' dir='ltr'><strong>laetitiae</strong></span> <span class='ocrx_word' id='word_1_23' title='bbox 387 553 445 588; x_wconf 88' lang='lat' dir='ltr'><strong>uon</strong></span> <span class='ocrx_word' id='word_1_24' title='bbox 458 546 544 608; x_wconf 74' lang='lat' dir='ltr'><strong>negat</strong></span> <span class='ocrx_word' id='word_1_25' title='bbox 557 553 619 589; x_wconf 83' lang='lat' dir='ltr'><strong>esse</strong></span> <span class='ocrx_word' id='word_1_26' title='bbox 629 537 733 589; x_wconf 88' lang='lat' dir='ltr'><strong>locum.</strong></span> <span class='ocrx_word' id='word_1_27' title='bbox 940 575 944 581; x_wconf 80' lang='grc'><em>.</em></span> 
     </span>
    </p>

    <p class='ocr_par' dir='ltr' id='par_1_4' title="bbox 76 605 1038 744">
     <span class='ocr_line' id='line_1_5' title="bbox 76 605 899 677; baseline 0.001 -17"><span class='ocrx_word' id='word_1_28' title='bbox 76 606 218 677; x_wconf 76' lang='lat' dir='ltr'><strong>Quidquid</strong></span> <span class='ocrx_word' id='word_1_29' title='bbox 235 606 271 659; x_wconf 88' lang='lat' dir='ltr'><strong>ab</strong></span> <span class='ocrx_word' id='word_1_30' title='bbox 287 605 330 659; x_wconf 80' lang='lat' dir='ltr'><strong>bis</strong></span> <span class='ocrx_word' id='word_1_31' title='bbox 346 623 359 659; x_wconf 85' lang='lat' dir='ltr'><strong>s</strong></span> <span class='ocrx_word' id='word_1_32' title='bbox 399 614 480 672; x_wconf 73' lang='lat' dir='ltr'><strong>erest,</strong></span> <span class='ocrx_word' id='word_1_33' title='bbox 497 606 614 659; x_wconf 82' lang='lat' dir='ltr'><strong>venitin</strong></span> <span class='ocrx_word' id='word_1_34' title='bbox 627 614 772 659; x_wconf 82' lang='lat' dir='ltr'><strong>certamen</strong></span> <span class='ocrx_word' id='word_1_35' title='bbox 780 605 899 665; x_wconf 83' lang='lat' dir='ltr'><strong>amoris:</strong></span> 
     </span>
     <span class='ocr_line' id='line_1_6' title="bbox 109 675 1038 744; baseline 0.005 -15"><span class='ocrx_word' id='word_1_36' title='bbox 109 679 169 729; x_wconf 87' lang='lat' dir='ltr'><strong>Hac</strong></span> <span class='ocrx_word' id='word_1_37' title='bbox 183 675 331 728; x_wconf 78' lang='lat' dir='ltr'><strong>hominum</strong></span> <span class='ocrx_word' id='word_1_38' title='bbox 344 693 362 727; x_wconf 92' lang='lat' dir='ltr'><strong>u</strong></span> <span class='ocrx_word' id='word_1_39' title='bbox 405 675 415 726; x_wconf 83' lang='lat' dir='ltr'><strong>i</strong></span> <span class='ocrx_word' id='word_1_40' title='bbox 426 685 507 744; x_wconf 88' lang='lat' dir='ltr'><strong>parte</strong></span> <span class='ocrx_word' id='word_1_41' title='bbox 520 675 659 729; x_wconf 86' lang='lat' dir='ltr'><strong>secundus</strong></span> <span class='ocrx_word' id='word_1_42' title='bbox 672 675 735 731; x_wconf 87' lang='lat' dir='ltr'><strong>eris.</strong></span> <span class='ocrx_word' id='word_1_43' title='bbox 1002 678 1038 734; x_wconf 82' lang='lat'><strong>90</strong></span> 
     </span>
    </p>

    <p class='ocr_par' dir='ltr' id='par_1_5' title="bbox 75 744 848 886">
     <span class='ocr_line' id='line_1_7' title="bbox 75 744 848 815; baseline 0.001 -16"><span class='ocrx_word' id='word_1_44' title='bbox 75 749 157 799; x_wconf 86' lang='lat' dir='ltr'><strong>Hunc</strong></span> <span class='ocrx_word' id='word_1_45' title='bbox 172 744 252 811; x_wconf 75' lang='lat' dir='ltr'><strong>colis,</strong></span> <span class='ocrx_word' id='word_1_46' title='bbox 267 744 421 799; x_wconf 83' lang='lat' dir='ltr'><strong>antediem</strong></span> <span class='ocrx_word' id='word_1_47' title='bbox 434 763 485 814; x_wconf 89' lang='lat' dir='ltr'><strong>per</strong></span> <span class='ocrx_word' id='word_1_48' title='bbox 497 762 583 815; x_wconf 90' lang='lat' dir='ltr'><strong>quem</strong></span> <span class='ocrx_word' id='word_1_49' title='bbox 598 744 712 802; x_wconf 86' lang='lat' dir='ltr'><strong>decreta</strong></span> <span class='ocrx_word' id='word_1_50' title='bbox 725 745 848 800; x_wconf 81' lang='lat' dir='ltr'><strong>merenti</strong></span> 
     </span>
     <span class='ocr_line' id='line_1_8' title="bbox 106 813 667 886; baseline -0.009 -16"><span class='ocrx_word' id='word_1_51' title='bbox 106 814 193 870; x_wconf 83' lang='lat' dir='ltr'><strong>Venit</strong></span> <span class='ocrx_word' id='word_1_52' title='bbox 206 813 352 878; x_wconf 74' lang='lat' dir='ltr'><strong>honoratis</strong></span> <span class='ocrx_word' id='word_1_53' title='bbox 361 813 456 869; x_wconf 83' lang='lat' dir='ltr'><strong>laurea</strong></span> <span class='ocrx_word' id='word_1_54' title='bbox 467 815 552 886; x_wconf 75' lang='lat' dir='ltr'><strong>digna</strong></span> <span class='ocrx_word' id='word_1_55' title='bbox 569 813 667 867; x_wconf 83' lang='lat' dir='ltr'><strong>comis.</strong></span> 
     </span>
    </p>

    <p class='ocr_par' dir='ltr' id='par_1_6' title="bbox 73 883 790 1023">
     <span class='ocr_line' id='line_1_9' title="bbox 73 883 790 966; baseline 0.004 -31"><span class='ocrx_word' id='word_1_56' title='bbox 73 884 189 950; x_wconf 68' lang='lat' dir='ltr'><strong>Felices,</strong></span> <span class='ocrx_word' id='word_1_57' title='bbox 208 884 308 966; x_wconf 87' lang='lat' dir='ltr'><strong>quibus</strong></span> <span class='ocrx_word' id='word_1_58' title='bbox 319 883 465 953; x_wconf 23' lang='lat' dir='ltr'><strong>hosqlicuit</strong></span> <span class='ocrx_word' id='word_1_59' title='bbox 477 893 606 953; x_wconf 84' lang='lat' dir='ltr'><strong>spectare</strong></span> <span class='ocrx_word' id='word_1_60' title='bbox 621 883 790 953; x_wconf 81' lang='lat' dir='ltr'><strong>triumphos,</strong></span> 
     </span>
     <span class='ocr_line' id='line_1_10' title="bbox 109 952 685 1023; baseline 0 -17"><span class='ocrx_word' id='word_1_61' title='bbox 109 957 144 1006; x_wconf 87' lang='lat' dir='ltr'><strong>Et</strong></span> <span class='ocrx_word' id='word_1_62' title='bbox 158 956 241 1006; x_wconf 81' lang='lat' dir='ltr'><strong>Ducis</strong></span> <span class='ocrx_word' id='word_1_63' title='bbox 258 969 307 1006; x_wconf 85' lang='lat' dir='ltr'><strong>ore</strong></span> <span class='ocrx_word' id='word_1_64' title='bbox 322 952 389 1005; x_wconf 86' lang='lat' dir='ltr'><strong>deos</strong></span> <span class='ocrx_word' id='word_1_65' title='bbox 405 954 607 1023; x_wconf 72' lang='lat' dir='ltr'><strong>aequiparante</strong></span> <span class='ocrx_word' id='word_1_66' title='bbox 619 953 685 1006; x_wconf 79' lang='lat' dir='ltr'><strong>frui.</strong></span> 
     </span>
    </p>

    <p class='ocr_par' dir='ltr' id='par_1_7' title="bbox 73 1022 803 1163">
     <span class='ocr_line' id='line_1_11' title="bbox 73 1022 803 1092; baseline 0.001 -19"><span class='ocrx_word' id='word_1_67' title='bbox 73 1026 107 1074; x_wconf 87' lang='lat' dir='ltr'><strong>At</strong></span> <span class='ocrx_word' id='word_1_68' title='bbox 125 1023 197 1074; x_wconf 86' lang='lat' dir='ltr'><strong>mihi</strong></span> <span class='ocrx_word' id='word_1_69' title='bbox 208 1026 392 1079; x_wconf 68' lang='lat' dir='ltr'><strong>Samumatae</strong></span> <span class='ocrx_word' id='word_1_70' title='bbox 408 1040 461 1092; x_wconf 90' lang='lat' dir='ltr'><strong>pro</strong></span> <span class='ocrx_word' id='word_1_71' title='bbox 480 1023 603 1077; x_wconf 81' lang='lat' dir='ltr'><strong>Caesaris</strong></span> <span class='ocrx_word' id='word_1_72' title='bbox 618 1038 667 1074; x_wconf 88' lang='lat' dir='ltr'><strong>ore</strong></span> <span class='ocrx_word' id='word_1_73' title='bbox 681 1022 803 1090; x_wconf 78' lang='lat' dir='ltr'><strong>videndi,</strong></span> 
     </span>
     <span class='ocr_line' id='line_1_12' title="bbox 105 1091 794 1163; baseline -0.001 -18"><span class='ocrx_word' id='word_1_74' title='bbox 105 1094 252 1162; x_wconf 76' lang='lat' dir='ltr'>Terraque</span> <span class='ocrx_word' id='word_1_75' title='bbox 267 1092 344 1161; x_wconf 85' lang='lat' dir='ltr'><strong>pacis</strong></span> <span class='ocrx_word' id='word_1_76' title='bbox 361 1092 452 1161; x_wconf 80' lang='lat' dir='ltr'><strong>inops,</strong></span> <span class='ocrx_word' id='word_1_77' title='bbox 467 1091 599 1162; x_wconf 77' lang='lat' dir='ltr'><strong>undaque</strong></span> <span class='ocrx_word' id='word_1_78' title='bbox 612 1091 707 1147; x_wconf 82' lang='lat' dir='ltr'><strong>vincta</strong></span> <span class='ocrx_word' id='word_1_79' title='bbox 719 1091 794 1163; x_wconf 76' lang='lat' dir='ltr'><strong>gelu.</strong></span> 
     </span>
    </p>

    <p class='ocr_par' dir='ltr' id='par_1_8' title="bbox 73 1160 945 1302">
     <span class='ocr_line' id='line_1_13' title="bbox 73 1160 831 1229; baseline -0.001 -15"><span class='ocrx_word' id='word_1_80' title='bbox 73 1163 214 1221; x_wconf 68' lang='lat' dir='ltr'><strong>bitumen</strong></span> <span class='ocrx_word' id='word_1_81' title='bbox 229 1162 299 1217; x_wconf 81' lang='lat' dir='ltr'><strong>haec</strong></span> <span class='ocrx_word' id='word_1_82' title='bbox 308 1160 397 1229; x_wconf 79' lang='lat' dir='ltr'><strong>audis,</strong></span> <span class='ocrx_word' id='word_1_83' title='bbox 415 1168 443 1213; x_wconf 87' lang='lat' dir='ltr'><strong>et</strong></span> <span class='ocrx_word' id='word_1_84' title='bbox 458 1179 511 1213; x_wconf 82' lang='lat' dir='ltr'><strong>vox</strong></span> <span class='ocrx_word' id='word_1_85' title='bbox 523 1179 589 1215; x_wconf 82' lang='lat' dir='ltr'><strong>area</strong></span> <span class='ocrx_word' id='word_1_86' title='bbox 620 1162 727 1215; x_wconf 75' lang='lat' dir='ltr'><strong>ervenit</strong></span> <span class='ocrx_word' id='word_1_87' title='bbox 739 1161 831 1226; x_wconf 82' lang='lat' dir='ltr'><strong>istuc;</strong></span> 
     </span>
     <span class='ocr_line' id='line_1_14' title="bbox 106 1180 945 1302; baseline 0.001 -20"><span class='ocrx_word' id='word_1_88' title='bbox 106 1231 149 1283; x_wconf 87' lang='lat' dir='ltr'><strong>sit</strong></span> <span class='ocrx_word' id='word_1_89' title='bbox 161 1239 211 1283; x_wconf 83' lang='lat' dir='ltr'><strong>tua</strong></span> <span class='ocrx_word' id='word_1_90' title='bbox 223 1231 360 1283; x_wconf 84' lang='lat' dir='ltr'><strong>mutando</strong></span> <span class='ocrx_word' id='word_1_91' title='bbox 374 1230 466 1302; x_wconf 57' lang='lat' dir='ltr'><strong>grafia</strong></span> <span class='ocrx_word' id='word_1_92' title='bbox 480 1230 586 1285; x_wconf 84' lang='lat' dir='ltr'><strong>blanda</strong></span> <span class='ocrx_word' id='word_1_93' title='bbox 596 1180 672 1284; x_wconf 56' lang='lat' dir='ltr'><strong>Eoo.</strong></span> <span class='ocrx_word' id='word_1_94' title='bbox 942 1232 945 1237; x_wconf 81' lang='grc'><em>“</em></span> 
     </span>
    </p>

    <p class='ocr_par' dir='ltr' id='par_1_9' title="bbox 72 1299 853 1440">
     <span class='ocr_line' id='line_1_15' title="bbox 72 1299 853 1377; baseline -0.001 -25"><span class='ocrx_word' id='word_1_95' title='bbox 72 1301 133 1353; x_wconf 87' lang='lat' dir='ltr'><strong>Hoc</strong></span> <span class='ocrx_word' id='word_1_96' title='bbox 145 1309 228 1371; x_wconf 79' lang='lat' dir='ltr'><strong>pater</strong></span> <span class='ocrx_word' id='word_1_97' title='bbox 238 1300 287 1352; x_wconf 86' lang='lat' dir='ltr'><strong>ille</strong></span> <span class='ocrx_word' id='word_1_98' title='bbox 300 1308 374 1367; x_wconf 84' lang='lat' dir='ltr'><strong>tuus,</strong></span> <span class='ocrx_word' id='word_1_99' title='bbox 391 1300 484 1368; x_wconf 84' lang='lat' dir='ltr'><strong>primo</strong></span> <span class='ocrx_word' id='word_1_100' title='bbox 495 1301 565 1352; x_wconf 81' lang='lat' dir='ltr'><strong>mihi</strong></span> <span class='ocrx_word' id='word_1_101' title='bbox 579 1299 671 1352; x_wconf 88' lang='lat' dir='ltr'><strong>cultus</strong></span> <span class='ocrx_word' id='word_1_102' title='bbox 686 1300 722 1352; x_wconf 88' lang='lat' dir='ltr'><strong>ab</strong></span> <span class='ocrx_word' id='word_1_103' title='bbox 735 1315 817 1366; x_wconf 75' lang='lat' dir='ltr'><strong>aesc,</strong></span> <span class='ocrx_word' id='word_1_104' title='bbox 849 1358 853 1377; x_wconf 33' lang='grc' dir='ltr'>Ι</span> 
     </span>
     <span class='ocr_line' id='line_1_16' title="bbox 105 1368 763 1440; baseline 0.002 -19"><span class='ocrx_word' id='word_1_105' title='bbox 105 1371 135 1422; x_wconf 90' lang='lat' dir='ltr'><strong>si</strong></span> <span class='ocrx_word' id='word_1_106' title='bbox 150 1368 218 1440; x_wconf 88' lang='lat' dir='ltr'><strong>quid</strong></span> <span class='ocrx_word' id='word_1_107' title='bbox 230 1369 316 1422; x_wconf 87' lang='lat' dir='ltr'><strong>habet</strong></span> <span class='ocrx_word' id='word_1_108' title='bbox 327 1385 422 1421; x_wconf 85' lang='lat' dir='ltr'><strong>seusus</strong></span> <span class='ocrx_word' id='word_1_109' title='bbox 437 1369 538 1425; x_wconf 86' lang='lat' dir='ltr'><strong>umbra</strong></span> <span class='ocrx_word' id='word_1_110' title='bbox 550 1370 663 1431; x_wconf 85' lang='lat' dir='ltr'><strong>diserta,</strong></span> <span class='ocrx_word' id='word_1_111' title='bbox 680 1369 763 1439; x_wconf 89' lang='lat' dir='ltr'><strong>petit.</strong></span> 
     </span>
    </p>

    <p class='ocr_par' dir='ltr' id='par_1_10' title="bbox 71 1438 799 1565">
     <span class='ocr_line' id='line_1_17' title="bbox 71 1438 799 1509; baseline -0.004 -16"><span class='ocrx_word' id='word_1_112' title='bbox 71 1442 132 1493; x_wconf 83' lang='lat' dir='ltr'><strong>Hoc</strong></span> <span class='ocrx_word' id='word_1_113' title='bbox 145 1438 219 1509; x_wconf 85' lang='lat' dir='ltr'><strong>petit</strong></span> <span class='ocrx_word' id='word_1_114' title='bbox 230 1447 259 1492; x_wconf 91' lang='lat' dir='ltr'><strong>et</strong></span> <span class='ocrx_word' id='word_1_115' title='bbox 272 1438 377 1502; x_wconf 80' lang='lat' dir='ltr'><strong>irater:</strong></span> <span class='ocrx_word' id='word_1_116' title='bbox 395 1439 522 1509; x_wconf 75' lang='lat' dir='ltr'><strong>quamvis</strong></span> <span class='ocrx_word' id='word_1_117' title='bbox 536 1439 658 1492; x_wconf 80' lang='lat' dir='ltr'><strong>fortasse</strong></span> <span class='ocrx_word' id='word_1_118' title='bbox 673 1447 799 1506; x_wconf 78' lang='lat' dir='ltr'><strong>veretur,</strong></span> 
     </span>
     <span class='ocr_line' id='line_1_18' title="bbox 105 1508 634 1565; baseline 0.002 -4"><span class='ocrx_word' id='word_1_119' title='bbox 105 1508 241 1562; x_wconf 75' lang='lat' dir='ltr'><strong>servandi</strong></span> <span class='ocrx_word' id='word_1_120' title='bbox 252 1517 355 1565; x_wconf 73' lang='lat' dir='ltr'><strong>uacent</strong></span> <span class='ocrx_word' id='word_1_121' title='bbox 365 1525 402 1561; x_wconf 84' lang='lat' dir='ltr'><strong>ue</strong></span> <span class='ocrx_word' id='word_1_122' title='bbox 416 1508 470 1562; x_wconf 82' lang='lat' dir='ltr'><strong>tibi</strong></span> <span class='ocrx_word' id='word_1_123' title='bbox 483 1525 553 1562; x_wconf 87' lang='lat' dir='ltr'><strong>cura</strong></span> <span class='ocrx_word' id='word_1_124' title='bbox 567 1508 634 1562; x_wconf 85' lang='lat' dir='ltr'><strong>mei.</strong></span> 
     </span>
    </p>

    <p class='ocr_par' dir='ltr' id='par_1_11' title="bbox 70 1576 836 1716">
     <span class='ocr_line' id='line_1_19' title="bbox 70 1576 836 1649; baseline -0.007 -16"><span class='ocrx_word' id='word_1_125' title='bbox 70 1579 143 1635; x_wconf 83' lang='lat' dir='ltr'><strong>Tota</strong></span> <span class='ocrx_word' id='word_1_126' title='bbox 158 1577 258 1639; x_wconf 69' lang='grc' dir='ltr'>ὀιιιιιιι</span> <span class='ocrx_word' id='word_1_127' title='bbox 269 1577 341 1647; x_wconf 83' lang='lat' dir='ltr'><strong>petit</strong></span> <span class='ocrx_word' id='word_1_128' title='bbox 354 1576 426 1630; x_wconf 76' lang='lat' dir='ltr'><strong>hocs</strong></span> <span class='ocrx_word' id='word_1_129' title='bbox 444 1594 498 1633; x_wconf 88' lang='lat' dir='ltr'><strong>uec</strong></span> <span class='ocrx_word' id='word_1_130' title='bbox 510 1587 542 1631; x_wconf 89' lang='lat' dir='ltr'><strong>tu</strong></span> <span class='ocrx_word' id='word_1_131' title='bbox 553 1587 633 1648; x_wconf 84' lang='lat' dir='ltr'><strong>potes</strong></span> <span class='ocrx_word' id='word_1_132' title='bbox 645 1576 706 1648; x_wconf 86' lang='lat' dir='ltr'><strong>ipse</strong></span> <span class='ocrx_word' id='word_1_133' title='bbox 719 1590 836 1649; x_wconf 76' lang='lat' dir='ltr'><strong>negare,</strong></span> 
     </span>
     <span class='ocr_line' id='line_1_20' title="bbox 103 1647 746 1716; baseline -0.003 -15"><span class='ocrx_word' id='word_1_134' title='bbox 103 1651 139 1701; x_wconf 86' lang='lat' dir='ltr'><strong>Et</strong></span> <span class='ocrx_word' id='word_1_135' title='bbox 150 1664 203 1700; x_wconf 83' lang='lat' dir='ltr'><strong>nos</strong></span> <span class='ocrx_word' id='word_1_136' title='bbox 218 1647 247 1699; x_wconf 90' lang='lat' dir='ltr'><strong>in</strong></span> <span class='ocrx_word' id='word_1_137' title='bbox 259 1647 359 1703; x_wconf 80' lang='lat' dir='ltr'><strong>turbae</strong></span> <span class='ocrx_word' id='word_1_138' title='bbox 373 1656 453 1716; x_wconf 89' lang='lat' dir='ltr'><strong>parte</strong></span> <span class='ocrx_word' id='word_1_139' title='bbox 462 1647 633 1716; x_wconf 63' lang='lat' dir='ltr'><strong>fuissetuae.</strong></span> <span class='ocrx_word' id='word_1_140' title='bbox 743 1708 746 1711; x_wconf 21' lang='lat'><em>¹</em></span> 
     </span>
    </p>

    <p class='ocr_par' dir='ltr' id='par_1_12' title="bbox 70 1715 751 1790">
     <span class='ocr_line' id='line_1_21' title="bbox 70 1715 751 1790; baseline -0.001 -21"><span class='ocrx_word' id='word_1_141' title='bbox 70 1716 181 1790; x_wconf 76' lang='lat' dir='ltr'><strong>Ingenii</strong></span> <span class='ocrx_word' id='word_1_142' title='bbox 197 1725 285 1783; x_wconf 77' lang='lat' dir='ltr'><strong>uerte,</strong></span> <span class='ocrx_word' id='word_1_143' title='bbox 305 1733 361 1786; x_wconf 86' lang='lat' dir='ltr'><strong>quo</strong></span> <span class='ocrx_word' id='word_1_144' title='bbox 374 1717 514 1770; x_wconf 77' lang='lat' dir='ltr'><strong>normale</strong></span> <span class='ocrx_word' id='word_1_145' title='bbox 529 1715 663 1770; x_wconf 75' lang='lat' dir='ltr'><strong>sensimus</strong></span> <span class='ocrx_word' id='word_1_146' title='bbox 675 1732 751 1783; x_wconf 84' lang='lat' dir='ltr'><strong>usus,</strong></span> 
     </span>
    </p>

    <p class='ocr_par' dir='ltr' id='par_1_13' title="bbox 29 1785 692 1856">
     <span class='ocr_line' id='line_1_22' title="bbox 29 1785 692 1856; baseline 0 -17"><span class='ocrx_word' id='word_1_147' title='bbox 29 1798 31 1803; x_wconf 82' lang='grc'>’</span> <span class='ocrx_word' id='word_1_148' title='bbox 103 1785 216 1839; x_wconf 76' lang='lat' dir='ltr'><strong>Artibus</strong></span> <span class='ocrx_word' id='word_1_149' title='bbox 230 1786 359 1856; x_wconf 81' lang='lat' dir='ltr'><strong>exceptis,</strong></span> <span class='ocrx_word' id='word_1_150' title='bbox 377 1803 459 1855; x_wconf 81' lang='lat' dir='ltr'><strong>saepe</strong></span> <span class='ocrx_word' id='word_1_151' title='bbox 472 1788 692 1855; x_wconf 73' lang='lat' dir='ltr'><strong>probatorem.</strong></span> 
     </span>
    </p>

    <p class='ocr_par' dir='ltr' id='par_1_14' title="bbox 70 1855 792 1995">
     <span class='ocr_line' id='line_1_23' title="bbox 70 1855 792 1925; baseline 0.006 -16"><span class='ocrx_word' id='word_1_152' title='bbox 70 1856 129 1909; x_wconf 84' lang='lat' dir='ltr'><strong>Nec</strong></span> <span class='ocrx_word' id='word_1_153' title='bbox 140 1871 214 1922; x_wconf 85' lang='lat' dir='ltr'><strong>mea,</strong></span> <span class='ocrx_word' id='word_1_154' title='bbox 231 1856 254 1907; x_wconf 87' lang='lat' dir='ltr'><strong>si</strong></span> <span class='ocrx_word' id='word_1_155' title='bbox 269 1864 380 1911; x_wconf 79' lang='lat' dir='ltr'><strong>tantum</strong></span> <span class='ocrx_word' id='word_1_156' title='bbox 390 1865 507 1925; x_wconf 80' lang='lat' dir='ltr'><strong>peccata</strong></span> <span class='ocrx_word' id='word_1_157' title='bbox 519 1855 670 1909; x_wconf 84' lang='lat' dir='ltr'><strong>novissima</strong></span> <span class='ocrx_word' id='word_1_158' title='bbox 681 1856 792 1924; x_wconf 69' lang='lat' dir='ltr'><strong>demas,</strong></span> 
     </span>
     <span class='ocr_line' id='line_1_24' title="bbox 101 1925 703 1995; baseline 0 -17"><span class='ocrx_word' id='word_1_159' title='bbox 101 1928 168 1978; x_wconf 88' lang='lat' dir='ltr'><strong>Esse</strong></span> <span class='ocrx_word' id='word_1_160' title='bbox 184 1933 278 1995; x_wconf 81' lang='lat' dir='ltr'><strong>potest</strong></span> <span class='ocrx_word' id='word_1_161' title='bbox 293 1925 391 1977; x_wconf 84' lang='lat' dir='ltr'><strong>domui</strong></span> <span class='ocrx_word' id='word_1_162' title='bbox 408 1925 464 1978; x_wconf 85' lang='lat' dir='ltr'><strong>vita</strong></span> <span class='ocrx_word' id='word_1_163' title='bbox 479 1925 612 1995; x_wconf 83' lang='lat' dir='ltr'><strong>pudenda</strong></span> <span class='ocrx_word' id='word_1_164' title='bbox 628 1936 703 1979; x_wconf 80' lang='lat' dir='ltr'><strong>tuae.</strong></span> 
     </span>
    </p>

    <p class='ocr_par' dir='ltr' id='par_1_15' title="bbox 70 1993 743 2134">
     <span class='ocr_line' id='line_1_25' title="bbox 70 1993 727 2066; baseline -0.002 -19"><span class='ocrx_word' id='word_1_165' title='bbox 70 1993 99 2047; x_wconf 78' lang='lat' dir='ltr'><strong>Si</strong></span> <span class='ocrx_word' id='word_1_166' title='bbox 110 1994 198 2066; x_wconf 73' lang='lat' dir='ltr'><strong>igitur</strong></span> <span class='ocrx_word' id='word_1_167' title='bbox 209 2002 320 2053; x_wconf 70' lang='lat' dir='ltr'><strong>vestrae</strong></span> <span class='ocrx_word' id='word_1_168' title='bbox 330 1994 442 2064; x_wconf 75' lang='lat' dir='ltr'><strong>rigeant</strong></span> <span class='ocrx_word' id='word_1_169' title='bbox 453 1994 609 2063; x_wconf 81' lang='lat' dir='ltr'><strong>penetralia</strong></span> <span class='ocrx_word' id='word_1_170' title='bbox 621 1995 727 2066; x_wconf 76' lang='lat' dir='ltr'><strong>gentis:</strong></span> 
     </span>
     <span class='ocr_line' id='line_1_26' title="bbox 103 2062 743 2134; baseline 0.005 -18"><span class='ocrx_word' id='word_1_171' title='bbox 103 2064 231 2134; x_wconf 79' lang='lat' dir='ltr'><strong>Curaque</strong></span> <span class='ocrx_word' id='word_1_172' title='bbox 242 2062 276 2113; x_wconf 87' lang='lat' dir='ltr'><strong>sit</strong></span> <span class='ocrx_word' id='word_1_173' title='bbox 291 2063 401 2131; x_wconf 80' lang='lat' dir='ltr'><strong>Superis</strong></span> <span class='ocrx_word' id='word_1_174' title='bbox 414 2063 633 2132; x_wconf 77' lang='lat' dir='ltr'><strong>Caesaribusque</strong></span> <span class='ocrx_word' id='word_1_175' title='bbox 647 2063 707 2125; x_wconf 64' lang='lat' dir='ltr'><strong>tuis</strong></span> <span class='ocrx_word' id='word_1_176' title='bbox 739 2112 743 2119; x_wconf 88' lang='grc'><em>.</em></span> 
     </span>
    </p>

    <p class='ocr_par' dir='ltr' id='par_1_16' title="bbox 70 2130 776 2269">
     <span class='ocr_line' id='line_1_27' title="bbox 70 2130 776 2199; baseline -0.004 -14"><span class='ocrx_word' id='word_1_177' title='bbox 70 2132 146 2199; x_wconf 81' lang='lat' dir='ltr'><strong>Mite,</strong></span> <span class='ocrx_word' id='word_1_178' title='bbox 163 2131 212 2186; x_wconf 88' lang='lat' dir='ltr'><strong>sed</strong></span> <span class='ocrx_word' id='word_1_179' title='bbox 222 2132 327 2187; x_wconf 85' lang='lat' dir='ltr'><strong>iratum</strong></span> <span class='ocrx_word' id='word_1_180' title='bbox 337 2131 439 2185; x_wconf 82' lang='lat' dir='ltr'><strong>merito</strong></span> <span class='ocrx_word' id='word_1_181' title='bbox 453 2132 522 2184; x_wconf 86' lang='lat' dir='ltr'><strong>mihi</strong></span> <span class='ocrx_word' id='word_1_182' title='bbox 535 2134 654 2199; x_wconf 81' lang='lat' dir='ltr'><strong>Numen,</strong></span> <span class='ocrx_word' id='word_1_183' title='bbox 671 2130 776 2198; x_wconf 54' lang='lat' dir='ltr'><strong>adora‘,</strong></span> 
     </span>
     <span class='ocr_line' id='line_1_28' title="bbox 102 2200 673 2269; baseline 0 -15"><span class='ocrx_word' id='word_1_184' title='bbox 102 2202 217 2261; x_wconf 80' lang='lat' dir='ltr'><strong>Eximat,</strong></span> <span class='ocrx_word' id='word_1_185' title='bbox 224 2210 261 2255; x_wconf 83' lang='lat' dir='ltr'><strong>ut</strong></span> <span class='ocrx_word' id='word_1_186' title='bbox 275 2201 462 2269; x_wconf 80' lang='lat' dir='ltr'><strong>Scythicame</strong></span> <span class='ocrx_word' id='word_1_187' title='bbox 476 2201 591 2254; x_wconf 81' lang='lat' dir='ltr'><strong>feritate</strong></span> <span class='ocrx_word' id='word_1_188' title='bbox 606 2200 673 2254; x_wconf 87' lang='lat' dir='ltr'><strong>loci.</strong></span> 
     </span>
    </p>

    <p class='ocr_par' dir='ltr' id='par_1_17' title="bbox 69 2267 808 2410">
     <span class='ocr_line' id='line_1_29' title="bbox 69 2267 808 2338; baseline 0 -16"><span class='ocrx_word' id='word_1_189' title='bbox 69 2270 189 2324; x_wconf 83' lang='lat' dir='ltr'><strong>Difficile</strong></span> <span class='ocrx_word' id='word_1_190' title='bbox 204 2278 253 2336; x_wconf 82' lang='lat' dir='ltr'><strong>est,</strong></span> <span class='ocrx_word' id='word_1_191' title='bbox 270 2268 372 2338; x_wconf 82' lang='lat' dir='ltr'><strong>fateor,</strong></span> <span class='ocrx_word' id='word_1_192' title='bbox 391 2270 440 2323; x_wconf 87' lang='lat' dir='ltr'><strong>sed</strong></span> <span class='ocrx_word' id='word_1_193' title='bbox 451 2270 542 2325; x_wconf 86' lang='lat' dir='ltr'><strong>tendit</strong></span> <span class='ocrx_word' id='word_1_194' title='bbox 558 2270 589 2322; x_wconf 89' lang='lat' dir='ltr'><strong>iu</strong></span> <span class='ocrx_word' id='word_1_195' title='bbox 602 2270 691 2323; x_wconf 86' lang='lat' dir='ltr'><strong>ardua</strong></span> <span class='ocrx_word' id='word_1_196' title='bbox 703 2267 808 2322; x_wconf 61' lang='lat' dir='ltr'><strong>virtum</strong></span> 
     </span>
     <span class='ocr_line' id='line_1_30' title="bbox 101 2339 609 2410; baseline 0.002 -18"><span class='ocrx_word' id='word_1_197' title='bbox 101 2342 135 2393; x_wconf 85' lang='lat' dir='ltr'><strong>Et</strong></span> <span class='ocrx_word' id='word_1_198' title='bbox 150 2339 324 2393; x_wconf 74' lang='lat' dir='ltr'><strong>taliamenti</strong></span> <span class='ocrx_word' id='word_1_199' title='bbox 338 2349 428 2410; x_wconf 72' lang='lat' dir='ltr'><strong>gratia</strong></span> <span class='ocrx_word' id='word_1_200' title='bbox 439 2356 532 2393; x_wconf 82' lang='lat' dir='ltr'><strong>maror</strong></span> <span class='ocrx_word' id='word_1_201' title='bbox 547 2348 609 2393; x_wconf 84' lang='lat' dir='ltr'><strong>ent.</strong></span> 
     </span>
    </p>

    <p class='ocr_par' dir='ltr' id='par_1_18' title="bbox 69 2407 815 2548">
     <span class='ocr_line' id='line_1_31' title="bbox 69 2407 815 2478; baseline -0.001 -18"><span class='ocrx_word' id='word_1_202' title='bbox 69 2409 126 2462; x_wconf 87' lang='lat' dir='ltr'><strong>Nec</strong></span> <span class='ocrx_word' id='word_1_203' title='bbox 136 2419 233 2462; x_wconf 86' lang='lat' dir='ltr'><strong>tamen</strong></span> <span class='ocrx_word' id='word_1_204' title='bbox 248 2412 385 2471; x_wconf 85' lang='lat' dir='ltr'><strong>Aetnaeus</strong></span> <span class='ocrx_word' id='word_1_205' title='bbox 398 2418 475 2462; x_wconf 84' lang='lat' dir='ltr'><strong>vasto</strong></span> <span class='ocrx_word' id='word_1_206' title='bbox 489 2408 675 2478; x_wconf 68' lang='lat' dir='ltr'><strong>Polyphemus</strong></span> <span class='ocrx_word' id='word_1_207' title='bbox 687 2407 718 2459; x_wconf 87' lang='lat' dir='ltr'><strong>iu</strong></span> <span class='ocrx_word' id='word_1_208' title='bbox 733 2414 815 2461; x_wconf 78' lang='lat' dir='ltr'><strong>antro</strong></span> 
     </span>
     <span class='ocr_line' id='line_1_32' title="bbox 101 2478 622 2548; baseline 0 -18"><span class='ocrx_word' id='word_1_209' title='bbox 101 2478 229 2548; x_wconf 81' lang='lat' dir='ltr'><strong>Accipiet</strong></span> <span class='ocrx_word' id='word_1_210' title='bbox 240 2495 322 2537; x_wconf 78' lang='lat' dir='ltr'><strong>vocer</strong></span> <span class='ocrx_word' id='word_1_211' title='bbox 337 2479 533 2547; x_wconf 79' lang='lat' dir='ltr'><strong>Antiphatesve</strong></span> <span class='ocrx_word' id='word_1_212' title='bbox 546 2487 622 2531; x_wconf 86' lang='lat' dir='ltr'><strong>tuas:</strong></span> 
     </span>
    </p>

    <p class='ocr_par' dir='ltr' id='par_1_19' title="bbox 70 2546 891 2689">
     <span class='ocr_line' id='line_1_33' title="bbox 70 2546 891 2618; baseline 0 -18"><span class='ocrx_word' id='word_1_213' title='bbox 70 2547 122 2600; x_wconf 80' lang='lat' dir='ltr'><strong>Sed</strong></span> <span class='ocrx_word' id='word_1_214' title='bbox 133 2546 261 2618; x_wconf 89' lang='lat' dir='ltr'><strong>placidus</strong></span> <span class='ocrx_word' id='word_1_215' title='bbox 272 2547 419 2618; x_wconf 80' lang='lat' dir='ltr'><strong>faciiisque</strong></span> <span class='ocrx_word' id='word_1_216' title='bbox 430 2551 541 2614; x_wconf 78' lang='lat' dir='ltr'><strong>Passus,</strong></span> <span class='ocrx_word' id='word_1_217' title='bbox 558 2548 717 2617; x_wconf 84' lang='lat' dir='ltr'><strong>veniaeque·</strong></span> <span class='ocrx_word' id='word_1_218' title='bbox 727 2554 855 2616; x_wconf 75' lang='lat' dir='ltr'><strong>paratus,</strong></span> <span class='ocrx_word' id='word_1_219' title='bbox 887 2590 891 2600; x_wconf 94' lang='lat'><em>.</em></span> 
     </span>
     <span class='ocr_line' id='line_1_34' title="bbox 100 2615 700 2689; baseline -0.005 -19"><span class='ocrx_word' id='word_1_220' title='bbox 100 2620 134 2670; x_wconf 87' lang='lat' dir='ltr'><strong>Et</strong></span> <span class='ocrx_word' id='word_1_221' title='bbox 149 2617 198 2688; x_wconf 89' lang='lat' dir='ltr'><strong>qui</strong></span> <span class='ocrx_word' id='word_1_222' title='bbox 210 2615 348 2670; x_wconf 80' lang='lat' dir='ltr'><strong>fulmineo</strong></span> <span class='ocrx_word' id='word_1_223' title='bbox 363 2634 447 2687; x_wconf 83' lang='lat' dir='ltr'><strong>saepe</strong></span> <span class='ocrx_word' id='word_1_224' title='bbox 459 2618 518 2671; x_wconf 85' lang='lat' dir='ltr'><strong>sine</strong></span> <span class='ocrx_word' id='word_1_225' title='bbox 532 2618 598 2689; x_wconf 74' lang='lat' dir='ltr'><strong>igne</strong></span> <span class='ocrx_word' id='word_1_226' title='bbox 611 2626 700 2670; x_wconf 81' lang='lat' dir='ltr'><strong>tonat.</strong></span> 
     </span>
    </p>

    <p class='ocr_par' dir='ltr' id='par_1_20' title="bbox 70 2683 829 2826">
     <span class='ocr_line' id='line_1_35' title="bbox 70 2683 829 2756; baseline -0.007 -16"><span class='ocrx_word' id='word_1_227' title='bbox 70 2687 130 2753; x_wconf 79' lang='lat' dir='ltr'><strong>Qui,</strong></span> <span class='ocrx_word' id='word_1_228' title='bbox 150 2703 217 2743; x_wconf 87' lang='lat' dir='ltr'><strong>aum</strong></span> <span class='ocrx_word' id='word_1_229' title='bbox 230 2686 312 2743; x_wconf 76' lang='lat' dir='ltr'><strong>triste</strong></span> <span class='ocrx_word' id='word_1_230' title='bbox 325 2686 432 2756; x_wconf 77' lang='lat' dir='ltr'><strong>aliquid</strong></span> <span class='ocrx_word' id='word_1_231' title='bbox 444 2687 549 2753; x_wconf 79' lang='lat' dir='ltr'><strong>statuit,</strong></span> <span class='ocrx_word' id='word_1_232' title='bbox 567 2687 601 2741; x_wconf 85' lang='lat' dir='ltr'><strong>fit</strong></span> <span class='ocrx_word' id='word_1_233' title='bbox 615 2687 700 2739; x_wconf 87' lang='lat' dir='ltr'><strong>tristis</strong></span> <span class='ocrx_word' id='word_1_234' title='bbox 715 2695 743 2739; x_wconf 90' lang='lat' dir='ltr'><strong>et</strong></span> <span class='ocrx_word' id='word_1_235' title='bbox 754 2683 829 2755; x_wconf 74' lang='lat' dir='ltr'><strong>ipset</strong></span> 
     </span>
     <span class='ocr_line' id='line_1_36' title="bbox 102 2754 762 2826; baseline -0.002 -18"><span class='ocrx_word' id='word_1_236' title='bbox 102 2756 206 2826; x_wconf 80' lang='lat' dir='ltr'><strong>Cuique</strong></span> <span class='ocrx_word' id='word_1_237' title='bbox 218 2754 279 2813; x_wconf 81' lang='lat' dir='ltr'><strong>fere</strong></span> <span class='ocrx_word' id='word_1_238' title='bbox 309 2771 409 2808; x_wconf 87' lang='lat' dir='ltr'><strong>cenam</strong></span> <span class='ocrx_word' id='word_1_239' title='bbox 420 2773 531 2811; x_wconf 87' lang='lat' dir='ltr'><strong>sumere</strong></span> <span class='ocrx_word' id='word_1_240' title='bbox 543 2773 637 2824; x_wconf 84' lang='lat' dir='ltr'><strong>poena</strong></span> <span class='ocrx_word' id='word_1_241' title='bbox 648 2773 699 2808; x_wconf 86' lang='lat' dir='ltr'><strong>sua</strong></span> <span class='ocrx_word' id='word_1_242' title='bbox 712 2765 762 2807; x_wconf 89' lang='lat' dir='ltr'><strong>est.</strong></span> 
     </span>
    </p>

    <p class='ocr_par' dir='ltr' id='par_1_21' title="bbox 69 2824 776 2879">
     <span class='ocr_line' id='line_1_37' title="bbox 69 2824 776 2879; baseline 0 -3"><span class='ocrx_word' id='word_1_243' title='bbox 69 2825 146 2877; x_wconf 83' lang='lat' dir='ltr'><strong>Victa</strong></span> <span class='ocrx_word' id='word_1_244' title='bbox 161 2834 258 2878; x_wconf 83' lang='lat' dir='ltr'><strong>tamen</strong></span> <span class='ocrx_word' id='word_1_245' title='bbox 298 2824 338 2877; x_wconf 86' lang='lat' dir='ltr'><strong>tic</strong></span> <span class='ocrx_word' id='word_1_246' title='bbox 351 2833 393 2878; x_wconf 88' lang='lat' dir='ltr'><strong>est</strong></span> <span class='ocrx_word' id='word_1_247' title='bbox 404 2824 486 2879; x_wconf 87' lang='lat' dir='ltr'><strong>huius</strong></span> <span class='ocrx_word' id='word_1_248' title='bbox 497 2825 648 2878; x_wconf 84' lang='lat' dir='ltr'><strong>clementia</strong></span> <span class='ocrx_word' id='word_1_249' title='bbox 660 2833 776 2877; x_wconf 81' lang='lat' dir='ltr'><strong>nostro:</strong></span> 
     </span>
    </p>

    <p class='ocr_par' dir='ltr' id='par_1_22' title="bbox 79 2893 618 2949">
     <span class='ocr_line' id='line_1_38' title="bbox 79 2893 618 2949; baseline -0.002 -1"><span class='ocrx_word' id='word_1_250' title='bbox 79 2936 85 2941; x_wconf 82' lang='lat'>.</span> <span class='ocrx_word' id='word_1_251' title='bbox 100 2895 184 2948; x_wconf 83' lang='lat' dir='ltr'><strong>Venit</strong></span> <span class='ocrx_word' id='word_1_252' title='bbox 200 2903 227 2947; x_wconf 87' lang='lat' dir='ltr'><strong>et</strong></span> <span class='ocrx_word' id='word_1_253' title='bbox 240 2893 277 2947; x_wconf 87' lang='lat' dir='ltr'><strong>ad</strong></span> <span class='ocrx_word' id='word_1_254' title='bbox 289 2894 362 2949; x_wconf 81' lang='lat' dir='ltr'><strong>vires</strong></span> <span class='ocrx_word' id='word_1_255' title='bbox 376 2894 419 2947; x_wconf 87' lang='lat' dir='ltr'><strong>ira</strong></span> <span class='ocrx_word' id='word_1_256' title='bbox 433 2903 532 2947; x_wconf 86' lang='lat' dir='ltr'><strong>coacta</strong></span> <span class='ocrx_word' id='word_1_257' title='bbox 544 2911 618 2947; x_wconf 85' lang='lat' dir='ltr'><strong>suas.</strong></span> 
     </span>
    </p>

    <p class='ocr_par' dir='ltr' id='par_1_23' title="bbox 69 2961 759 3102">
     <span class='ocr_line' id='line_1_39' title="bbox 69 2961 759 3034; baseline 0.001 -19"><span class='ocrx_word' id='word_1_258' title='bbox 69 2964 119 3027; x_wconf 80' lang='lat' dir='ltr'><strong>Qui</strong></span> <span class='ocrx_word' id='word_1_259' title='bbox 134 2964 269 3034; x_wconf 79' lang='lat' dir='ltr'><strong>quoniam</strong></span> <span class='ocrx_word' id='word_1_260' title='bbox 277 2964 370 3033; x_wconf 81' lang='lat' dir='ltr'><strong>patria</strong></span> <span class='ocrx_word' id='word_1_261' title='bbox 379 2972 442 3017; x_wconf 90' lang='lat' dir='ltr'><strong>tcto</strong></span> <span class='ocrx_word' id='word_1_262' title='bbox 457 2980 552 3015; x_wconf 86' lang='lat' dir='ltr'><strong>sumus</strong></span> <span class='ocrx_word' id='word_1_263' title='bbox 564 2964 634 3016; x_wconf 86' lang='lat' dir='ltr'><strong>orbe</strong></span> <span class='ocrx_word' id='word_1_264' title='bbox 646 2961 759 3029; x_wconf 80' lang='lat' dir='ltr'><strong>remoti,</strong></span> 
     </span>
     <span class='ocr_line' id='line_1_40' title="bbox 100 3031 697 3102; baseline 0.002 -18"><span class='ocrx_word' id='word_1_265' title='bbox 100 3034 158 3087; x_wconf 88' lang='lat' dir='ltr'><strong>Nec</strong></span> <span class='ocrx_word' id='word_1_266' title='bbox 174 3033 241 3086; x_wconf 88' lang='lat' dir='ltr'><strong>licet</strong></span> <span class='ocrx_word' id='word_1_267' title='bbox 257 3043 321 3085; x_wconf 88' lang='lat' dir='ltr'><strong>ante</strong></span> <span class='ocrx_word' id='word_1_268' title='bbox 336 3034 409 3102; x_wconf 88' lang='lat' dir='ltr'><strong>ipsos</strong></span> <span class='ocrx_word' id='word_1_269' title='bbox 422 3032 606 3102; x_wconf 87' lang='lat' dir='ltr'><strong>procubuisse</strong></span> <span class='ocrx_word' id='word_1_270' title='bbox 616 3031 697 3093; x_wconf 77' lang='lat' dir='ltr'><strong>deos3</strong></span> 
     </span>
    </p>

    <p class='ocr_par' dir='ltr' id='par_1_24' title="bbox 70 3096 867 3242">
     <span class='ocr_line' id='line_1_41' title="bbox 70 3096 867 3171; baseline -0.001 -18"><span class='ocrx_word' id='word_1_271' title='bbox 70 3102 141 3165; x_wconf 87' lang='lat' dir='ltr'><strong>Quos</strong></span> <span class='ocrx_word' id='word_1_272' title='bbox 157 3102 236 3167; x_wconf 76' lang='lat' dir='ltr'><strong>colis,</strong></span> <span class='ocrx_word' id='word_1_273' title='bbox 253 3101 290 3156; x_wconf 83' lang='lat' dir='ltr'><strong>ad</strong></span> <span class='ocrx_word' id='word_1_274' title='bbox 300 3107 419 3171; x_wconf 77' lang='lat' dir='ltr'><strong>Superos</strong></span> <span class='ocrx_word' id='word_1_275' title='bbox 433 3103 504 3154; x_wconf 81' lang='lat' dir='ltr'><strong>haec</strong></span> <span class='ocrx_word' id='word_1_276' title='bbox 517 3101 562 3154; x_wconf 84' lang='lat' dir='ltr'><strong>fer</strong></span> <span class='ocrx_word' id='word_1_277' title='bbox 574 3101 708 3154; x_wconf 83' lang='lat' dir='ltr'><strong>mandata</strong></span> <span class='ocrx_word' id='word_1_278' title='bbox 717 3096 867 3155; x_wconf 65' lang='lat' dir='ltr'><strong>sacerdota</strong></span> 
     </span>
     <span class='ocr_line' id='line_1_42' title="bbox 101 3170 768 3242; baseline 0.004 -21"><span class='ocrx_word' id='word_1_279' title='bbox 101 3170 176 3224; x_wconf 82' lang='lat' dir='ltr'><strong>Adde</strong></span> <span class='ocrx_word' id='word_1_280' title='bbox 190 3172 239 3225; x_wconf 82' lang='lat' dir='ltr'><strong>sed</strong></span> <span class='ocrx_word' id='word_1_281' title='bbox 254 3180 283 3224; x_wconf 91' lang='lat' dir='ltr'><strong>et</strong></span> <span class='ocrx_word' id='word_1_282' title='bbox 296 3172 425 3242; x_wconf 79' lang='lat' dir='ltr'><strong>proprias</strong></span> <span class='ocrx_word' id='word_1_283' title='bbox 438 3172 468 3224; x_wconf 87' lang='lat' dir='ltr'><strong>in</strong></span> <span class='ocrx_word' id='word_1_284' title='bbox 481 3189 546 3227; x_wconf 82' lang='lat' dir='ltr'><strong>mea</strong></span> <span class='ocrx_word' id='word_1_285' title='bbox 559 3172 647 3225; x_wconf 82' lang='lat' dir='ltr'><strong>verba</strong></span> <span class='ocrx_word' id='word_1_286' title='bbox 660 3187 768 3240; x_wconf 89' lang='lat' dir='ltr'><strong>preces.</strong></span> 
     </span>
    </p>

    <p class='ocr_par' dir='ltr' id='par_1_25' title="bbox 67 3237 793 3384">
     <span class='ocr_line' id='line_1_43' title="bbox 67 3237 793 3309; baseline 0.007 -19"><span class='ocrx_word' id='word_1_287' title='bbox 67 3237 111 3291; x_wconf 78' lang='lat' dir='ltr'><strong>Sic</strong></span> <span class='ocrx_word' id='word_1_288' title='bbox 124 3248 218 3294; x_wconf 86' lang='lat' dir='ltr'><strong>tamen</strong></span> <span class='ocrx_word' id='word_1_289' title='bbox 230 3243 301 3297; x_wconf 87' lang='lat' dir='ltr'><strong>haec</strong></span> <span class='ocrx_word' id='word_1_290' title='bbox 316 3250 403 3308; x_wconf 80' lang='lat' dir='ltr'><strong>teuta,</strong></span> <span class='ocrx_word' id='word_1_291' title='bbox 421 3241 445 3293; x_wconf 81' lang='lat' dir='ltr'><strong>si</strong></span> <span class='ocrx_word' id='word_1_292' title='bbox 459 3259 517 3293; x_wconf 91' lang='grc' dir='ltr'>ιιοιι</span> <span class='ocrx_word' id='word_1_293' title='bbox 530 3241 659 3293; x_wconf 84' lang='lat' dir='ltr'><strong>nocitura</strong></span> <span class='ocrx_word' id='word_1_294' title='bbox 673 3239 793 3309; x_wconf 84' lang='lat' dir='ltr'><strong>putabis.</strong></span> 
     </span>
     <span class='ocr_line' id='line_1_44' title="bbox 100 3310 745 3384; baseline 0.012 -24"><span class='ocrx_word' id='word_1_295' title='bbox 100 3311 244 3380; x_wconf 75' lang='lat' dir='ltr'><strong>Ignoscas:</strong></span> <span class='ocrx_word' id='word_1_296' title='bbox 261 3311 348 3366; x_wconf 88' lang='lat' dir='ltr'><strong>timec</strong></span> <span class='ocrx_word' id='word_1_297' title='bbox 363 3310 517 3384; x_wconf 74' lang='lat' dir='ltr'><strong>naufragus</strong></span> <span class='ocrx_word' id='word_1_298' title='bbox 530 3328 614 3365; x_wconf 81' lang='lat' dir='ltr'><strong>omne</strong></span> <span class='ocrx_word' id='word_1_299' title='bbox 629 3310 745 3367; x_wconf 73' lang='lat' dir='ltr'><strong>uuum.</strong></span> 
     </span>
    </p>
   </div>
   <div class='ocr_carea' id='block_1_3' title="bbox 748 3424 890 3532">
    <p class='ocr_par' dir='ltr' id='par_1_26' title="bbox 748 3424 890 3532">
     <span class='ocr_line' id='line_1_45' title="bbox 748 3424 890 3532; baseline 0.014 -2"><span class='ocrx_word' id='word_1_300' title='bbox 748 3424 890 3532; x_wconf 78' lang='lat' dir='ltr'><strong>xa¹</strong></span> 
     </span>
    </p>
   </div>
   <div class='ocr_carea' id='block_1_4' title="bbox 0 0 1172 3842">
    <p class='ocr_par' dir='ltr' id='par_1_27' title="bbox 0 0 1172 3842">
     <span class='ocr_line' id='line_1_46' title="bbox 0 0 1172 3842; baseline 0 2"><span class='ocrx_word' id='word_1_301' title='bbox 0 0 1172 3842; x_wconf 95' lang='lat' dir='ltr'><strong> </strong></span> 
     </span>
    </p>
   </div>
  </div>
 </body>
</html>
