2334 3842
127 257 170 320 28
384 257 415 312 Ρ.
438 255 594 312 OVIDII
621 255 821 312 NASONIS

195 407 281 474 saepe
294 418 391 486 pates
401 403 507 486 pluvias
521 403 670 484 adopertus
682 401 802 456 nubibus
815 406 914 458 Auster

231 476 367 544 consuat,
387 483 435 526 eut
447 482 539 545 posita
552 476 603 527 snb
617 489 680 526 nave
693 481 771 525 terra
784 472 865 527 latet.

195 557 347 631 Proximus
359 575 504 645 Hesperias
518 575 601 629 Titan
613 575 737 628 abiturus
751 575 781 627 in
793 576 881 629 undas

180 676 186 687 ·
231 648 365 698 Gemmea
377 646 522 726 purpureis
539 664 605 698 curn
620 646 686 726 iuga
699 645 786 698 demit
804 646 899 716 equie3

128 715 163 771 75
195 712 248 767 Illa
260 724 343 768 nocte
356 714 465 784 aliquis,
481 715 583 768 tollens
597 715 633 767 ad
643 715 735 767 sidera
748 714 866 783 vultum,

231 784 321 849 Dicet,
339 784 394 836 Ubi
407 793 449 835 est
462 783 555 851 hodie,
574 802 647 854 quae
660 787 732 853 Lyra
743 784 823 836 fulsit
835 782 916 836 heri?

198 853 271 905 Dum
312 855 443 921 aLyram
459 862 583 934 qtueret,
600 852 688 905 medii
700 871 811 923 quoque
823 863 904 924 terga
913 851 1015 905 Leonis

235 925 266 975 ln
293 922 397 993 'quidus
409 923 501 976 subito
515 939 610 975 mersa
619 923 729 994 notabit
742 938 837 992 aquas.

201 991 400 1080 Quem'modo
414 1022 552 1079 caelatum
565 1025 652 1078 stellis
667 1024 803 1095 Delphina
816 1024 939 1095 videbas,

131 1093 166 1148 80
234 1097 259 1146 Is
272 1094 447 1165 fugietuisus
461 1104 545 1148 nocte
558 1103 691 1165 sequente
703 1103 775 1148 tuos.

199 1165 254 1216 Seu
265 1163 321 1216 fuit
333 1164 450 1217 occultis
462 1164 530 1216 felix
541 1165 571 1215 in
586 1164 727 1216 amoribus
742 1163 840 1216 index:

234 1232 353 1285 Lesbida
364 1250 430 1301 cum
445 1233 560 1286 domino
576 1251 626 1285 seu
639 1233 705 1285 tulit
715 1232 764 1285 ille
775 1232 876 1312 lyram·

153 1345 159 1357 .
200 1300 282 1366 Quod
292 1319 370 1355 mare
383 1320 441 1355 non
453 1304 540 1369 novit,
560 1319 631 1372 quae
646 1301 737 1354 nescit
748 1307 851 1356 Ariona
862 1301 964 1356 tellus?

235 1372 362 1426 Carmina
376 1379 520 1425 currentes
532 1371 581 1426 ille
593 1372 708 1424 tenebat
722 1388 817 1441 aquas.

131 1434 167 1493 85
200 1441 297 1509 Saepe,
316 1457 432 1511 sequens
446 1458 461 1493 a
502 1458 557 1508 am,
575 1441 657 1510 lupus
669 1449 712 1492 est
724 1440 778 1493 hac
789 1457 860 1494 voce
872 1449 1015 1495 retentus:

227 1513 320 1579 'Saepe
331 1504 446 1563 ividum
470 1511 565 1583 ugiens
577 1510 679 1562 restitit
691 1528 707 1562 a
746 1527 763 1562 a
774 1510 888 1579 lupum:

200 1581 287 1648 Saepe
301 1596 382 1631 canes
394 1579 557 1649 leporesque
572 1580 718 1632 umbracu
738 1596 807 1631 uere
820 1580 871 1632 sub
883 1596 948 1649 una,
1043 1628 1045 1630 ,

234 1651 268 1699 Et
281 1648 397 1701 stetitin
410 1666 476 1701 saxo
488 1648 615 1719 proxima
629 1666 711 1702 cerva
725 1649 796 1703 leae.

79 1756 85 1773 .
199 1717 234 1769 Et
249 1716 308 1769 sine
323 1716 377 1769 lite
384 1717 488 1788 loquax
502 1734 568 1769 cum
579 1717 699 1770 Palladis
714 1717 779 1782 alite
792 1716 889 1771 cornix

130 1782 167 1837 90
235 1784 321 1851 Sedit,
338 1794 367 1838 et
379 1787 508 1856 accipitri
520 1787 616 1839 iuncta
628 1787 760 1840 columba
770 1786 836 1843 fuit.

201 1854 319 1923 Cynthia
332 1872 413 1925 saepe
425 1856 480 1907 tuis
494 1856 594 1922 fertur,
611 1857 715 1908 vocalis
727 1857 820 1921 Arion,

235 1925 392 1994 Tamquam
405 1925 535 1977 fraternis
549 1926 720 1995 obstupuisse
733 1926 832 1980 modis.

199 1992 311 2046 Nomen
323 1993 468 2047 Arionium
481 1994 585 2046 Siculas
597 1994 763 2064 impleverat
778 1996 876 2063 urbes3

236 2063 378 2133 Captaque
394 2071 455 2115 erat
467 2063 561 2132 lyricis
575 2066 690 2116 Ausonis
704 2081 754 2116 ora
770 2066 853 2120 sonis.

132 2124 167 2181 95
200 2130 268 2184 lade
281 2131 398 2185 domum
409 2142 537 2202 repetens
549 2134 666 2202 puppim
681 2133 842 2186 conscendit
852 2132 947 2203 Arion,

234 2205 325 2271 Atque
336 2201 376 2254 ita
391 2201 528 2273 quaesitas
539 2211 599 2255 arte
612 2202 722 2254 ferebat
735 2220 810 2272 opes.

201 2270 337 2338 Forsitan,
355 2270 463 2338 infelix,
480 2279 576 2324 ventos
590 2271 748 2341 undamque
762 2271 891 2327 timebas.

162 2380 166 2385 .
237 2342 272 2390 tt
284 2339 336 2392 tibi
347 2356 419 2392 nave
433 2349 482 2392 tua
493 2340 578 2392 tutius
594 2357 700 2409 aequor
711 2350 778 2394 erat.

203 2406 331 2479 Namque
342 2410 514 2480 gubernator
524 2409 656 2462 destricto
669 2410 793 2462 constitit
807 2426 881 2477 ense,

137 2473 189 2530 100
239 2478 408 2548 Caeteraque
422 2486 529 2531 armata
542 2479 654 2531 conscia
667 2478 751 2531 turba
766 2496 863 2533 manu.

206 2545 280 2611 Quid
290 2546 342 2598 tibi
354 2565 418 2599 cum
432 2547 543 2619 gladio?
561 2547 675 2599 dubiam
688 2565 766 2618 rege,
783 2549 885 2616 navita,
902 2545 1013 2617 pinum.

239 2616 302 2667 Non
315 2625 379 2668 sunt
390 2616 461 2670 haec
472 2615 562 2687 digitis
576 2634 656 2668 arma
666 2617 787 2669 tenenda
797 2618 862 2684 tuis,

206 2682 257 2736 Ille
269 2692 347 2737 metu
361 2702 474 2752 vacuus,
492 2689 613 2738 Mortem
625 2703 682 2737 non
696 2682 842 2755 deprecor,
859 2685 965 2757 inquit:

244 2752 298 2806 Sed
311 2752 396 2807 liceat
407 2763 501 2807 sumta
519 2772 609 2824 pauca
623 2755 730 2807 referre
746 2755 816 2824 lyra.

139 2819 191 2876 105
207 2822 282 2875 Dant
295 2823 415 2891 veniam,
432 2824 580 2894 ridentque
594 2841 715 2879 moram.
741 2825 820 2894 Capit
831 2823 880 2877 ille
895 2839 1047 2899 coronam,

243 2894 320 2955 Quae
330 2895 416 2962 possit
429 2894 529 2959 crines,
547 2894 667 2959 Phoebe,
686 2893 785 2946 decere
799 2903 872 2947 tuos.

207 2958 340 3014 Induerat
350 2964 434 3032 Tyrio
448 2963 491 3016 bis
504 2964 626 3015 tinctam
639 2962 747 3015 murice
759 2962 880 3032 pallam:

243 3030 373 3083 Reddidit
383 3033 442 3085 icta
453 3049 516 3084 snos
528 3033 631 3101 pollice
647 3031 753 3084 chorda
764 3048 863 3099 sonos;

209 3099 360 3152 Flebilibus
372 3101 460 3152 veluti
471 3101 594 3153 numeris
608 3102 736 3153 canentia
749 3100 820 3152 dura

142 3168 194 3224 110
244 3168 388 3221 traiectus
406 3186 498 3239 penna
510 3178 639 3238 tempora
653 3178 747 3223 cantat
761 3170 831 3223 olor.

208 3237 337 3290 Protinus
350 3238 380 3289 in
392 3237 498 3290 medias
517 3249 629 3291 ornatus
643 3239 734 3292 desilit
746 3239 843 3292 undas.

244 3310 314 3375 Spar
336 3307 390 3359 'tur
401 3307 521 3377 impulsa
537 3309 651 3360 caemla
663 3308 762 3378 puppis
781 3324 862 3378 aque.

208 3373 286 3445 Inde,
325 3375 360 3430 de
371 3376 470 3447 maius,
484 3383 565 3449 tergo
581 3378 714 3449 delphina
727 3393 845 3431 recurvo
