2334 3842
349 841 393 911 P.
420 839 615 914 OVIDII
644 836 893 909 NASONIS

142 991 1096 1086 aasuouuu

399 1189 554 1249 LIBER
589 1185 831 1260 QUARTUS.

363 1440 366 1448 A
467 1408 472 1441 Ι

207 1500 324 1603 Alma,
342 1534 406 1590 fave
417 1534 484 1603 vati,
502 1536 682 1608 geminorum
694 1543 788 1588 mater
799 1537 946 1588 Amorum.

240 1605 284 1658 ud
294 1614 387 1657 vatem
396 1606 489 1658 vultus
500 1605 597 1658 retulit
609 1604 659 1656 illa
671 1622 744 1661 suos,

207 1674 282 1741 Quid
291 1674 351 1740 tibi,
370 1674 418 1742 ait,
435 1675 570 1726 mecum?
588 1683 666 1726 certe
678 1675 788 1726 maiora
798 1671 927 1725 canebas.

136 1748 143 1761 ¹
241 1745 317 1796 Num
329 1752 407 1795 vetus
420 1743 450 1794 in
461 1743 542 1795 molli
555 1752 672 1812 pectore
682 1743 783 1796 vulnus
796 1741 903 1793 habas?

137 1812 155 1868 5
206 1813 265 1869 Scis
282 1811 342 1876 dea,
359 1811 499 1880 respondi,
519 1811 553 1864 ds
565 1813 690 1866 vulnere.
724 1810 808 1865 Risit:
826 1818 854 1864 et
865 1809 963 1863 aether

241 1880 368 1932 Protinus
380 1879 472 1933 axilla
485 1890 566 1950 parts
579 1899 693 1934 serenus
705 1889 776 1936 erat.

206 1949 337 2004 Saucius.
356 1965 391 2000 an
409 1966 506 2016 sanus,
524 1950 661 2022 numquid
672 1960 721 2003 tua
733 1951 812 2021 signa
822 1945 947 2019 reliqui?

240 2019 284 2071 Tu
297 2016 366 2070 mihi
377 2019 567 2088 propositum,
584 2029 617 2072 tu
630 2020 699 2072 mihi
710 2034 911 2096 semperropus.

206 2089 286 2153 Quae
299 2087 401 2152 decuit,
418 2088 515 2158 primis
529 2089 589 2141 sins
603 2089 721 2143 crimina
736 2089 853 2141 lusimus
866 2085 959 2139 annis:

137 2156 174 2212 10
240 2159 322 2210 Nunc
333 2158 434 2209 teritur
446 2158 547 2210 nostris
559 2175 627 2210 area
636 2159 728 2211 maior
740 2159 827 2228 equis.

204 2227 345 2296 Tempora
361 2243 427 2279 eum
445 2227 542 2292 causis,
560 2228 707 2280 annalibus
723 2235 802 2280 eruta
812 2223 921 2295 priscis,

212 2299 215 2305 ’
238 2297 384 2365 Lapsaque
396 2297 448 2350 auh
465 2305 569 2365 terras,
588 2307 705 2367 ortaque
721 2296 801 2366 signa
813 2311 895 2348 cauo.

204 2365 338 2419 Venimus
349 2364 386 2417 ad
400 2375 546 2436 quartum,
565 2375 667 2436 quotu
680 2364 874 2431 celeberrima,
891 2375 1025 2416 mensem·

240 2434 275 2484 Et
288 2442 396 2500 vatem3
415 2443 445 2487 et
456 2451 582 2489 mensem
597 2435 667 2502 scis,
684 2438 791 2501 Venus,
809 2449 869 2485 esse
880 2440 953 2486 tuos.

91 2504 99 2513 “
136 2508 171 2564 15
204 2500 282 2554 Mota
296 2502 449 2556 Citheriaca
460 2503 560 2557 leviter
570 2512 637 2557 ‘mea
646 2514 776 2574 tempora
789 2510 883 2572 myrto

240 2571 378 2642 Contigit:
395 2581 438 2640 et,
456 2574 591 2642 Coeptum
602 2574 716 2643 perfice,
733 2571 815 2637 dixit,
833 2585 912 2640 opus.

203 2640 357 2704 Sensimua3
377 2650 405 2692 et
417 2641 507 2694 subito
522 2658 622 2694 oausaa
635 2652 751 2712 patuere
764 2641 883 2694 dierum.

238 2711 314 2762 Dum
327 2708 409 2775 lieet,
429 2719 457 2762 et
470 2710 578 2780 spirant
589 2710 719 2776 flamina,
735 2709 813 2763 navis
829 2717 883 2761 eat.

204 2777 233 2831 ai
282 2796 299 2831 a
312 2787 408 2831 tamen
422 2796 485 2849 pars
499 2789 528 2832 te
541 2779 575 2833 de
587 2781 665 2833 fastis
678 2790 793 2852 tangere
809 2777 902 2844 debet,

134 2848 171 2904 20
260 2863 353 2914 assas,
370 2849 401 2900 iu
411 2847 513 2918 Aprili,
532 2866 588 2919 quo
601 2849 737 2916 tenearis,
752 2846 848 2900 habes.

204 2912 256 2968 Hic
269 2916 306 2968 ad
317 2925 346 2969 te
360 2933 462 2998 magna
476 2917 620 2971 descendit
632 2918 755 2990 imagine
766 2915 880 2983 mensu,

236 2987 270 3037 Et
282 2984 315 3038 fit
325 2984 377 3038 ado
398 2995 455 3038 tiva
464 2987 611 3040 nobilitate
624 2996 697 3045 tuus·
760 3045 762 3048 f

202 3055 264 3108 Hoc
297 3062 359 3106 ater
370 3005 397 3106 1?

236 3123 271 3175 Vi
292 3122 320 3188 ἰ,
337 3130 365 3174 at
375 3133 503 3177 auctores
514 3125 610 3178 retulit
621 3127 681 3196 ipse
691 3142 763 3180 suos.

132 3190 168 3249 25
201 3193 293 3261 thue
305 3191 368 3244 fero
382 3195 465 3244 Marti
476 3194 596 3262 primam
607 3195 684 3248 dedit
695 3195 793 3248 ordine
806 3202 921 3259 sortem,

237 3260 318 3325 Quod
329 3260 379 3313 sibi
391 3262 516 3315 nascenti
527 3264 655 3333 proxima
668 3281 750 3319 causa
763 3264 832 3329 fuit3
906 3296 912 3309 =

200 3328 247 3383 Sic
260 3334 408 3399 Venerem,
425 3330 558 3402 gradihus
569 3333 665 3387 multis
675 3334 801 3406 ingente
814 3339 969 3403 repertam,

392 3055 478 3122 iades,
496 3074 561 3109 cum
572 3057 690 3126 longum
703 3051 840 3110 scn‘baret
852 3068 967 3122 anm,

1152 1317 1155 1365 i

1152 1681 1154 1736 i

1152 1788 1154 1835 t
