2334 3842
194 230 327 328 EPIdT.
347 232 403 288 EX
421 232 579 290 PONTO
598 234 681 291 LIB.
696 236 743 291 lv,
758 237 821 293 ΕΡ.
835 238 883 294 Ix.
968 243 1033 308 289

79 375 133 432 liic
142 392 194 459 ego
210 386 367 447 praesentes
377 378 451 431 inter
463 393 627 434 numerarer
643 381 757 451 amicos,
996 389 1032 447 35
1090 381 1092 384 ’

113 447 192 499 Mina
204 446 246 499 ius
266 447 346 500 Urbis
360 448 383 498 si
397 447 481 500 modo
503 448 562 501 fota
581 449 688 504 darent.
832 507 834 516 x

62 511 67 518 '
79 516 213 586 Quaeque
226 515 295 568 inihi
307 515 366 568 sola
377 516 569 585 capitur‘nunc
581 528 675 572 mente
688 519 824 592 voluptas,

112 586 191 637 Tunc
208 585 294 637 oculis
315 586 400 637 etiam
412 586 591 655 percipienda
609 588 694 642 foret.

76 653 143 707 Non
156 653 196 705 ita
209 653 358 714 Coclitihus
370 655 460 707 visum
475 665 524 722 est,
551 664 579 708 et
595 656 712 710 forsitan
730 660 841 729 aequis:

113 724 185 774 Nam
198 722 265 793 quid
276 740 322 776 me
337 739 443 792 poenae
459 741 542 777 causa
556 735 659 797 negata
676 728 772 781 iuvet?

76 792 172 844 Mente
185 799 289 858 tamen,
335 809 386 844 use
396 793 456 845 sola
469 793 532 846 loco
541 811 598 845 non
612 794 725 864 exsulat,
742 806 839 852 uteres

111 862 296 927 Praetextam,
313 811 402 914 Fasces
416 861 464 914 eds
486 863 625 931 iciamque
644 873 716 918 tuos.

75 930 153 982 Haec
164 928 248 982 modo
262 938 291 982 te
308 929 411 1000 populo
428 881 593 984 reddentem
608 932 670 984 iura
687 932 804 1003 videbit,

111 1002 147 1050 Et
159 1015 187 1051 se
198 998 313 1051 secretis
329 1000 366 1051 fin
388 1008 416 1052 et
430 1000 524 1052 edesse
539 1000 625 1053 locis:
802 1053 805 1060 ,

9 1101 11 1108 ,
74 1068 159 1120 Nunc
171 1068 248 1139 longi
256 1067 360 1120 reditus
369 1018 467 1120 inustae
481 1085 636 1189 supponere
652 1069 734 1123 lustri

112 1138 221 1202 Gemet,
236 1146 268 1194 ,et
282 1147 379 1190 exacta
400 1146 501 1189 cuncta
530 1155 612 1191 ocare
629 1138 702 1192 fide:

77 1206 161 1259 Nunc
181 1206 275 1258 facere
288 1206 318 1257 in
337 1204 431 1257 medio
444 1206 597 1274 fecundum
611 1208 697 1259 verba
714 1210 827 1281 senatu,
892 1221 896 1264 i

110 1274 227 1344 Publica
240 1283 420 1343 quaerentem
433 1275 500 1344 quid
521 1284 599 1345 petet
612 1276 732 1328 utilitas:

74 1344 157 1397 Nunc
169 1360 220 1412 pro
240 1344 399 1400 Caesaribus
414 1344 524 1411 Superis
541 1345 691 1398 decernere
705 1353 809 1415 grates.

109 1412 215 1465 Albave
230 1412 388 1481 opimorum
400 1412 474 1464 collo
485 1411 570 1465 ferire
582 1414 679 1467 houm.

73 1484 167 1551 Atque
179 1481 295 1548 utinam,
315 1497 379 1533 cum
390 1481 446 1534 iam
463 1480 549 1533 fueris
562 1483 676 1552 potiora
688 1492 827 1552 precatus,

108 1554 147 1602 Ut
160 1549 229 1602 mihi
242 1550 369 1619 placetur
388 1551 510 1602 numinis
526 1550 576 1616 ira,
596 1555 692 1632 roges!

73 1621 179 1690 Surget
195 1617 232 1676 ed
249 1619 322 1674 hanc
339 1636 438 1672 vocem
451 1619 534 1688 plena
552 1621 613 1689 pius
633 1621 705 1693 ignis
715 1622 752 1675 eb
768 1639 818 1677 erc

107 1691 217 1758 Detque
231 1688 337 1740 bonum
348 1696 414 1739 voto
431 1687 540 1741 lucidus
549 1706 638 1743 omen
656 1708 733 1758 apex.

71 1761 195 1821 Interea,
214 1773 269 1825 qua
284 1765 363 1826 parte
377 1758 453 1824 libet,
471 1776 506 1809 ne
517 1769 619 1811 cuncta
635 1776 796 1828 queremur,

106 1825 161 1879 nic
191 1827 194 1835 “
231 1842 284 1906 que
300 1834 328 1879 te
345 1826 448 1878 festum
470 1827 586 1880 Consule
603 1837 713 1897 tempus
727 1846 820 1900 egmn-

71 1842 315 1962 dlteroliiitrtiaej
336 1912 389 1948 nec
406 1894 506 1948 cedens
519 1914 602 1949 cause
617 1897 713 1977 priori,

107 1968 259 2016 Successor
270 1964 341 2015 tenti
359 1964 449 2016 frater
459 1964 572 2017 honoris
586 1974 647 2019 ent.

71 2035 148 2088 Nam
160 2031 213 2085 tibi
235 2032 348 2085 linitum
362 2050 478 2096 summo,
504 2034 650 2102 Graecine,
674 2035 826 2091 Decembri

107 2101 261 2171 Imperium
273 2101 332 2152 Iani
344 2101 457 2169 suscipit
470 2101 518 2154 ille
536 2102 591 2155 die.

72 2174 211 2240 Quaeque
227 2178 269 2226 est
279 2170 395 2226 inrobis
406 2171 503 2238 pietas,
520 2171 628 2222 alterne
641 2169 739 2223 feretis
771 2196 775 2206 ⁴

28 2242 30 2245 ’
108 2239 227 2306 Gaudia,
244 2248 276 2290 tu
288 2238 383 2291 fratris
396 2238 525 2304 fascibus,
538 2239 587 2291 ille
607 2240 669 2293 tuis.

9 2313 10 2322 ’
72 2311 120 2365 sic
137 2308 223 2361 tubis
237 2308 324 2360 fueris
338 2307 447 2373 Consul,
464 2307 506 2358 bis
520 2307 621 2360 Consul
636 2317 664 2360 et
678 2307 743 2374 i1103

107 2382 198 2447 Inque
215 2376 300 2429 domo
310 2376 401 2428 bimus
418 2376 606 2446 conspicietur
618 2376 717 2431 honor.

73 2447 131 2514 Qui
143 2463 313 2527 quemquem
325 2454 366 2499 est
379 2445 485 2516 ingens,
504 2453 532 2497 et
547 2446 657 2498 nullum
670 2447 769 2501 Martio
783 2463 894 2505 summo

33 2523 36 2534 ¹
107 2515 198 2568 Altius
210 2516 360 2584 imperium
384 2514 500 2567 consule
521 2518 611 2568 Roma
624 2516 716 2580 videt3

72 2583 245 2653 Multiplicet
256 2591 351 2637 temen
361 2582 436 2635 hunc
449 2584 569 2654 gravitas
593 2585 715 2639 auctoris
726 2584 878 2643 honorem:

108 2656 144 2705 Et
162 2653 337 2704 maiestatem
350 2668 394 2704 res
412 2651 478 2705 dota
492 2653 580 2705 dantis
597 2654 691 2710 habet.

71 2719 190 2781 Iudiciis
206 2720 292 2791 igitur
304 2719 388 2773 liceat
403 2722 557 2791 Flaccoque
569 2721 677 2793 tibique

90 2788 206 2843 Talibus
215 2788 329 2860 Augusti
339 2797 448 2859 tempus
465 2791 493 2843 in
513 2808 595 2844 omne
607 2791 673 2844 frui.

75 2863 113 2913 Ut
127 2867 223 2909 temen
237 2874 362 2910 ererum
375 2861 441 2912 curis
455 2861 586 2928 propiore
599 2860 726 2931 vacabit3
823 2915 824 2920 ,

110 2930 184 2982 Vota
195 2943 297 2995 precor
309 2926 378 2977 votis
393 2926 488 3002 eddite
506 2939 599 2981 vestra
619 2929 696 2983 meis.

75 2999 119 3066 Et,
136 2994 258 3064 siquem
276 2995 353 3047 dabit
365 3012 432 3047 aura
438 2996 536 3063 sinum,
554 2999 644 3050 laxate
658 2999 806 3067 rudentes;

109 3068 196 3117 Exeat
209 3082 225 3117 e
236 3064 335 3135 Stygiis
347 3073 378 3115 ut
391 3081 455 3117 mes
467 3068 541 3119 nevis
553 3085 569 3119 a
612 3068 641 3122 ’3.

76 3133 203 3188 Praefuit
215 3132 268 3200 his,
282 3134 425 3200 Graecine,
448 3135 517 3188 locis
528 3154 575 3189 mo
596 3156 613 3190 o
624 3136 753 3204 Flaccum
771 3148 800 3193 et
810 3139 861 3198 illo

111 3202 182 3272 Ilipa
195 3201 275 3255 ferox
285 3202 347 3254 istri
357 3202 408 3253 sub
428 3202 498 3255 duce
508 3214 569 3258 tuta
581 3207 645 3262 fuit.

80 3271 134 3325 Hic
148 3272 238 3324 tenuit
252 3274 340 3341 Mysas
353 3279 448 3341 gentes
462 3272 492 3323 in
509 3291 579 3344 pace
597 3275 689 3329 fideli:

110 3340 166 3394 Hic
186 3357 254 3393 arcu
267 3341 331 3394 fisos
344 3340 444 3393 terruit
461 3357 525 3395 ense
542 3346 637 3399 Getas.

62 3475 66 3480 .
123 3447 202 3488 ouo.
223 3436 271 3491 111.
333 3493 337 3498 ,
765 3438 828 3494 Bb
893 3475 905 3488 e
