2334 3842
157 189 221 252 soa
350 162 353 172 ’
425 187 458 246 1³.
481 146 641 248 ovinis
659 190 851 256 nasonis

174 337 210 393 30
260 332 421 400 Quamlibet
434 341 463 387 et
477 333 579 387 misero
595 333 703 387 debitus
716 334 804 388 bostis
818 351 875 391 ero.

223 406 336 458 Desinet
348 420 407 458 esse
418 404 495 473 prius
508 404 661 455 contrarius
676 404 786 475 ignibus
796 406 912 474 humor3

258 480 409 543 Iunctaque
423 490 489 525 cum
499 475 577 523 Luna
593 473 699 528 limina
711 475 780 526 Solis
794 484 889 536 erunt;
1014 532 1016 534 ‚

221 548 342 613 Parsque
355 543 452 594 eadem
469 541 540 593 coeli
553 543 691 621 Zephyros
705 544 813 595 emittet
826 552 855 596 et
865 546 968 613 Euros;

257 617 290 665 Et
302 610 410 681 tepidus
423 609 515 679 gelido
529 610 613 662 flabit
625 612 659 663 ab
673 630 723 664 axe
736 615 839 677 Notus;

170 684 204 741 35
222 687 256 736 Et
268 699 340 733 nova
349 681 474 731 fraterno
487 678 580 731 veniet
591 681 742 733 concordia
752 682 843 747 furno,

258 753 349 819 Quem
363 756 440 800 vetus
455 765 574 800 accensa
587 759 697 818 separat
709 750 751 801 ira
764 765 862 819 pyras

219 825 253 875 Et
263 822 320 873 Ver
331 824 483 883 Autumno,
497 821 614 888 Brumae
630 819 792 874 miscebitur
805 825 919 885 bestas3

254 893 343 958 Atque
359 887 457 939 eadem
473 888 551 958 regio
566 890 670 957 Vesper
683 897 711 940 et
723 894 804 939 Ortus
819 897 917 941 erunt:

220 961 311 1022 Quam
323 956 393 1008 mibi
405 958 441 1008 sit
452 965 556 1022 teoum,
572 958 677 1034 positis,
695 975 765 1029 quae
785 958 942 1028 sumsimus,
960 961 1049 1031 armis,

168 1026 203 1086 40
254 1028 358 1093 Gratia,
376 1026 507 1091 comissis,
524 1026 661 1095 improbe,
678 1036 760 1096 rupta
772 1028 852 1091 tuis3'

220 1098 311 1168 Quam
327 1095 408 1148 dolor
420 1095 467 1147 bic
483 1112 608 1166 unquam
620 1096 708 1165 spatio
722 1113 886 1150 evanescere
898 1098 994 1168 possit,

252 1164 351 1218 Leniat
361 1173 409 1216 aut
422 1164 518 1216 odium
529 1174 639 1233 tempus
653 1174 682 1218 et
696 1166 767 1220 hora
778 1182 880 1219 meum.

217 1238 272 1289 Pax
286 1235 339 1286 erit
349 1234 418 1288 haec
430 1233 518 1299 nohis,
535 1234 624 1286 donec
639 1235 708 1286 mihi
719 1235 774 1286 vita
788 1235 922 1306 manebit,

129 1345 135 1362 ,
252 1307 321 1356 Cum
334 1320 437 1373 pecore
451 1302 563 1372 infirmo
577 1320 647 1372 quae
662 1304 733 1355 solet
746 1321 803 1355 esse
814 1304 897 1373 lupis.
999 1365 1001 1370 Ι

164 1373 200 1434 45
215 1375 308 1429 Prima
321 1373 433 1442 quidem
444 1381 545 1440 coepto
560 1374 735 1424 committam
749 1371 856 1441 proelia
868 1390 957 1443 versu,

252 1446 314 1496 Non
326 1442 433 1495 soleant
445 1442 568 1510 quamvis
580 1440 638 1493 boc
649 1442 723 1510 pede
735 1442 812 1493 bella
825 1442 894 1512 geri

217 1519 307 1583 thue
343 1511 393 1563 etit
403 1510 495 1579 primo
507 1511 622 1579 plenum
634 1512 760 1562 flaventis
772 1527 872 1565 arenas

250 1586 312 1635 Non
334 1598 380 1633 um
396 1580 509 1632 calfacti
522 1580 612 1632 velitis
625 1581 702 1631 hasta
714 1580 820 1645 solum3

216 1653 261 1705 Sic
274 1666 326 1721 ego
339 1659 369 1702 te
383 1650 460 1701 ferro
472 1649 597 1701 nondum
609 1650 754 1701 iaculabor
765 1658 864 1701 acuto:

165 1724 200 1778 50
249 1720 377 1773 Protinus
392 1718 512 1769 invisum
523 1735 577 1772 nec
587 1727 666 1787 petet
676 1719 754 1769 hasta
770 1728 864 1787 caput.

213 1794 246 1843 Et
259 1801 353 1857 neque
364 1803 468 1839 nomen
481 1787 513 1846 in
526 1786 591 1851 boc,
609 1804 662 1839 nec
677 1788 770 1839 dicam
783 1788 861 1840 facta
877 1786 990 1844 libello:

245 1861 340 1928 Teque
350 1856 437 1924 brevi,
456 1854 504 1925 qui
517 1856 561 1917 sis,
580 1856 753 1908 dissimulare
765 1858 861 1909 sinam.

213 1926 372 1991 Postmodo,
390 1924 414 1977 si
423 1940 532 1995 perges,
549 1925 579 1976 in
592 1934 621 1977 te
635 1926 703 1976 mihi
715 1926 788 1977 liber
798 1926 909 1979 lauabat

183 2033 185 2039 -
245 1997 343 2050 Tincta
355 1994 512 2064 Lycambeo
524 1995 660 2064 sanguine
668 1994 725 2046 tela
737 1994 822 2049 dabit.

160 2070 194 2127 55
211 2068 303 2130 Nunc,
320 2082 375 2135 quo
389 2063 525 2116 Battiades
537 2064 683 2116 inimicum
695 2063 812 2123 devovet
829 2064 899 2131 Ibin,
930 2091 934 2097 ·

245 2139 305 2188 Hoc
320 2151 335 2187 e
355 2151 372 2186 o
386 2133 507 2186 devoveo
523 2141 609 2203 teque
620 2142 739 2202 tuosque
750 2134 844 2185 modo.

212 2210 247 2258 Ut
287 2222 302 2256 s
316 2152 372 2266 ule,
382 2203 508 2256 historiis
518 2201 658 2254 involvam
672 2203 797 2253 carmina
814 2199 915 2264 caecis,

245 2222 307 2327 §Idu
322 2272 427 2326 soleam
440 2271 564 2352 mamus
578 2272 634 2324 boc
645 2288 732 2351 genus
745 2271 805 2339 ipse
819 2269 906 2341 sequi

207 2343 285 2396 Illius
297 2342 428 2412 ambages
443 2339 567 2392 imitatus
576 2341 606 2392 in
620 2339 707 2406 Ibide,
725 2339 803 2392 dicar

157 2413 192 2470 60
243 2412 348 2465 Oblitus
361 2410 447 2462 moris
459 2409 611 2479 iudiciique
623 2409 688 2462 mai,

207 2485 241 2536 Et
254 2481 395 2553 quoniam,
413 2478 461 2548 quai
472 2479 517 2546 sis,
535 2478 660 2531 nondum
675 2476 872 2548 quaerentibus
889 2476 957 2547 edo;

240 2551 324 2604 Ibidis
337 2550 443 2601 interea
456 2556 489 2599 tu
506 2564 618 2628 asiloque
631 2557 735 2599 nomen
747 2547 827 2599 habe.

206 2626 298 2691 thue
310 2618 368 2672 mei
381 2633 474 2670 versus
486 2616 661 2686 aliquantum
672 2614 764 2668 noctis
779 2615 939 2685 habebunt3

241 2691 285 2742 Sic
297 2690 369 2740 vitae
381 2687 464 2739 series
478 2693 539 2737 tota
549 2687 586 2738 sit
599 2695 745 2738 atratuae.
823 2701 826 2706 ’

154 2760 188 2818 65
205 2763 279 2812 Haec
291 2757 343 2810 tibi
356 2755 443 2810 natali
454 2755 518 2808 faxo
534 2754 648 2825 lenique
660 2754 792 2806 Kalendis

239 2831 301 2880 Non
312 2827 464 2879 mentituro
480 2824 597 2894 quilibet
612 2842 661 2877 ore
673 2824 756 2893 legat.

151 2919 154 2922 ’
203 2902 238 2951 Di
252 2896 336 2949 maris
349 2903 376 2948 et
389 2904 490 2959 terrae,
508 2893 612 2963 quique
623 2895 666 2945 bis
677 2892 795 2945 meliora
806 2891 910 2945 tenetis

237 2972 313 3017 luter
328 2964 449 3017 diversos
464 2980 530 3022 cum
541 2968 706 3032 loveregna
717 2962 813 3029 polos;

202 3039 267 3088 Huc
277 3049 385 3102 precor,
403 3032 459 3083 huc
473 3040 576 3084 vestras
591 3048 688 3084 mes
703 3031 838 3088 advertite
852 3037 968 3096 mentes,

150 3102 185 3158 70
237 3106 270 3152 Et
283 3101 363 3152 sinite
378 3100 599 3181 optatispondus
609 3101 699 3156 inesse
713 3101 790 3152 meis.

202 3176 317 3240 Ipsaque
328 3176 360 3220 tu
369 3167 474 3229 Tellus,
491 3185 582 3236 ipsum
595 3186 660 3221 cum
675 3163 807 3220 fluctibus
818 3171 939 3236 beqitor,

236 3239 296 3305 lpse
307 3251 391 3299 meas,
410 3235 520 3301 Aether,
538 3238 643 3310 aqcipe,
661 3253 780 3301 summe,
794 3252 906 3304 preces:

200 3307 359 3374 sideraque,
377 3309 405 3354 ct
418 3302 502 3357 radiis
519 3303 695 3372 circumdata
700 3306 774 3366 Solu
786 3306 881 3376 imago
894 3321 906 3376 3
