2334 3842
82 274 84 279 .
157 222 213 288 os
414 206 644 295 'aaaron
671 224 876 284 uasonts.

274 352 445 440 Insequitur3
462 370 552 452 fugio.
586 369 697 451 Fortior
711 368 760 422 ille
778 369 841 443 fuit
859 440 880 452 Η

241 439 275 490 Et
293 439 408 492 dederat
424 440 506 492 fratri
521 444 623 491 Boreas
643 456 685 491 ius
704 456 787 493 omne
804 457 928 511 rapinae,
981 494 985 501 ⁴

275 512 362 559 Ausus
378 509 534 561 Erechthea
550 508 676 577 praemia
692 508 767 560 ferre
786 507 879 562 domo·

30 619 31 626 ,
111 616 116 631 .
171 579 223 632 205
240 577 304 629 Vim
320 586 416 629 tamen
432 577 564 633 emendat
581 577 671 629 dando
692 577 762 629 mihi
779 579 894 632 nomina
910 578 1026 649 nuptae:

274 649 361 713 Inque
378 662 441 698 meo
459 663 516 698 non
535 653 576 697 est
593 645 650 697 ulla
667 645 781 715 querela
800 654 873 699 tor0.

241 718 313 767 Vere
330 715 412 766 fruor
428 732 487 767 sem
509 733 554 767 er:
574 731 639 766 vere
658 722 699 766 est
715 714 894 767 nitidissimus
912 733 1008 772 annus.

273 784 365 834 Arbor
381 783 466 843 habet
480 734 612 848 'iiondes,
622 776 624 781 ’
634 783 736 852 pabula
753 800 863 854 semper
879 785 990 841 humus.
1018 820 1022 825 -

171 868 177 875 ·
240 853 286 902 Est
304 852 372 903 mihi
390 853 525 905 fecundus
544 852 683 904 dotalibus
700 853 797 905 hortus
814 855 843 904 in
860 853 943 924 agris.
1026 854 1032 867 ¹

147 966 150 971 4
171 925 224 979 210
274 925 348 972 Aura
364 921 456 984 fovet,
476 921 600 991 liquidae
618 920 698 973 fonte
715 921 823 1040 rq'patur
841 939 938 991 aquae.
967 918 969 927 '

240 991 320 1040 Hunc
337 1007 415 1042 meus
432 991 559 1059 implevit
575 1007 710 1060 generoso
751 998 801 1042 ore
818 992 951 1043 maritus:

275 1062 366 1128 Atque
383 1061 437 1124 ait,
453 1059 605 1117 Arbitrium
625 1067 672 1124 tu,
692 1058 757 1125 dea,
775 1060 854 1110 floris
870 1061 952 1116 habe.

241 1130 329 1195 Saepe
347 1138 399 1198 ego
417 1129 536 1200 digestos
553 1126 629 1179 volui
646 1144 794 1180 numerare
813 1128 937 1195 colores3

170 1207 183 1217 ““
277 1199 334 1248 Nec
351 1198 438 1265 potui.
472 1196 595 1261 Numero
613 1186 697 1264 copia
712 1196 804 1248 maior
821 1207 888 1250 erat.
967 1234 970 1241 ,

171 1268 224 1323 215
241 1266 359 1317 Roscida
376 1266 581 1334 cumprimum
599 1264 674 1317 foliis
695 1282 807 1317 excussa
823 1267 925 1336 pruina
941 1275 990 1333 est,

276 1337 309 1386 Et
325 1335 418 1387 variae
429 1334 519 1386 'radiis
536 1335 680 1403 intepuere
698 1351 808 1397 comae3
986 1342 991 1351 ‘

209 1444 213 1455 .
240 1405 413 1456 Conveniunt
429 1403 510 1473 pictis
528 1403 666 1454 incinctae
682 1404 804 1455 vestibus
820 1407 921 1471 Horae,
969 1414 972 1417 '
992 1408 995 1415 ’
1013 1460 1017 1469 ,

276 1476 361 1542 {nque
377 1474 452 1525 leves
464 1471 593 1525 ‘calathos
613 1482 730 1524 munera
746 1481 841 1525 nostra
857 1472 981 1544 legunt.‘
1071 1468 1073 1477 ‘

175 1552 204 1606 ἢ
240 1542 368 1594 Protinus
387 1542 524 1611 arripiunt
541 1541 679 1605 Clrarites3
697 1546 873 1612 nectuntque*
885 1557 1012 1607 corones,

173 1613 226 1668 220
276 1615 425 1681 Sertaque,
441 1611 579 1668 vcoelestes
596 1608 766 1678 implicitura
783 1629 887 1665 comas.
989 1620 992 1623 '

241 1678 333 1731 Prima
349 1677 566 1749 per'imrnensas
584 1679 672 1798 sparsi
688 1696 761 1731 nova
777 1680 884 1733 semina
900 1688 1006 1753 gentes.
1077 1684 1079 1691 '

277 1748 363 1799 Unius
380 1749 463 1800 tellus
480 1756 544 1799 ante
562 1752 595 1799 co
609 1746 664 1800 oris
682 1756 749 1805 erat.

240 1817 334 1870 Prima
350 1808 529 1894 Therapnaeo
546 1816 603 1868 feci
621 1815 655 1867 de
672 1816 806 1886 sanguine
822 1816 940 1872 florem:

278 1889 311 1937 Et
326 1894 422 1938 manet
440 1903 470 1935 in
487 1885 557 1937 folio
574 1886 679 1955 scripta
697 1886 810 1954 querela
823 1904 887 1942 suo.
929 1940 933 1949 ,

173 1957 225 2011 225
242 1957 284 2009 Tu
301 1971 413 2023 quoque
427 1972 531 2006 nornen
546 1954 632 2011 hahes
650 1954 753 2019 cultos,
771 1956 983 2029 Narcisse,.per
998 1957 1095 2011 hortos:

275 2023 391 2087 Infelix,
410 2024 486 2093 quod
503 2040 560 2074 non
579 2023 651 2075 alter
670 2032 697 2074 et
712 2022 786 2075 alter
803 2027 878 2077 eras!
1016 2034 1037 2091 j
1088 2056 1092 2065 ·

243 2092 317 2158 Quid
334 2094 451 2159 Crocon,
468 2101 516 2144 aut
532 2092 612 2142 Attin
629 2092 761 2158 referam,
779 2092 935 2165 Cinyraque
953 2098 1082 2164 creatum

276 2164 316 2214 De
335 2180 454 2232 quorum
470 2179 521 2231 per
538 2178 584 2212 me
602 2160 715 2213 vulnere
727 2162 821 2231 surgit
836 2163 947 2217 honor?

200 2250 211 2292 j
241 2230 315 2283 Mars
333 2249 388 2299 quo
409 2248 458 2297 ue,
476 2233 499 2283 si
515 2230 619 2296 nescis,
637 2247 688 2299 per
704 2238 812 2282 nostras
831 2228 919 2284 editus
936 2241 1022 2303 artes.>

174 2299 227 2356 280
275 2300 380 2368 Iupiter
391 2250 451 2354 (iioc
469 2298 607 2351 ut'adhuc
625 2299 743 2364 nesciat,
761 2316 850 2369 usque
866 2319 978 2369 precor.
1016 2354 1019 2363 ι

243 2372 344 2420 Sancta
360 2372 455 2421 Iovem
472 2370 713 2433 Iuno,1iatasine
731 2377 824 2422 matre
841 2370 975 2440 Minerua,

207 2462 209 2467 ·
278 2437 376 2489 Officio
395 2437 484 2489 doluit
499 2447 557 2489 non
575 2436 681 2508 eguisse
698 2453 757 2490 suo.
832 2454 836 2465 ¹
891 2442 893 2449 '

242 2505 319 2569 Ibat,
336 2515 369 2556 ut
380 2509 495 2556 'Oceano
514 2515 678 2577 quereretur
694 2506 771 2557 facta
787 2506 896 2575 mariti5
994 2560 997 2567 ,

277 2572 389 2626 Restitit
406 2574 442 2624 ad
459 2583 566 2625 nostras
582 2575 655 2627 fessa
671 2573 769 2626 labore
786 2575 870 2628 fores.
924 2587 926 2590 ‘

82 2638 87 2646 ¹
152 2634 153 2637 ¹
174 2643 227 2700 235
245 2646 336 2708 Quam
352 2642 436 2694 simul
452 2643 578 2711 adspexi3
599 2643 671 2708 Quid
687 2653 725 2709 te,
744 2645 886 2712 Saturnia,
902 2644 966 2713 dixi,-
997 2634 1000 2647 ⁴

278 2711 396 2763 Attulit?
413 2712 537 2780 exponit,
556 2730 641 2782 quem
658 2718 750 2782 petat,
766 2712 816 2765 illa
831 2713 936 2768 locum.
967 2752 971 2756 -

242 2781 356 2834 Addidit
372 2789 401 2834 et
417 2798 539 2836 causam.
574 2781 673 2837 Verbis
690 2781 802 2833 solabar
818 2782 923 2837 amicis.

277 2852 357 2917 Non,
373 2851 479 2925 inqqit,
496 2848 589 2902 verbis
606 2867 673 2902 cura
689 2850 807 2913 levanda
823 2856 887 2903 mea
904 2860 955 2907 est.

183 2948 190 2975 ,·
245 2917 274 2972 si
290 2928 371 2987 pater
388 2928 430 2971 est
446 2920 536 2971 factus
554 2919 683 2989 neglecto
701 2916 826 2989 coniugis
843 2937 895 2975 usu

174 2985 229 3045 240
277 2988 394 3056 Iupiter,
413 2997 440 3041 et
454 3005 558 3041 nomen
574 2988 648 3039 solus
665 2996 814 3057 utrumque
832 2997 924 3050 tenet;

244 3058 299 3111 Cur
316 3073 369 3126 ego
388 3056 534 3126 desperem
555 3056 617 3108 fieri
634 3056 692 3109 sine
710 3059 827 3128 coniuge
844 3067 955 3112 mater:-

279 3127 313 3176 Et
329 3142 429 3193 parere
443 3127 566 3193 intacto,
590 3124 742 3177 dummodo
760 3135 850 3190 casta,
866 3127 950 3181 viro?

184 3234 204 3239 ,.
244 3193 344 3246 omnia
360 3195 474 3246 tentabo
491 3194 557 3246 latis
574 3194 760 3246 medicamina
777 3196 857 3248 terris
863 3214 871 3261 3
926 3250 928 3257 ,

184 3266 220 3329 ,st
277 3266 312 3314 Et
329 3262 416 3330 freta,
433 3267 581 3325 Tartareos
599 3265 792 3344 excutiamque
809 3262 899 3325 sinus(

175 3331 227 3388 245
243 3333 304 3386 Vox
321 3336 382 3381 erat
398 3334 427 3383 in
447 3348 543 3383 cursu:
563 3331 673 3384 vultum
690 3333 840 3384 dubitantis
856 3333 1003 3389 habebam.

279 3398 379 3453 Nescio
398 3400 480 3470 quid,
494 3399 631 3468 Nymphe,
647 3417 728 3471 posse
745 3401 860 3470 videris,
877 3403 924 3456 ait.
