2334 3842
190 237 420 299 erroneo
442 242 581 299 emsa
603 242 690 299 ms.
711 206 764 306 nr.
786 245 846 301 er.
869 248 919 316 111·
968 248 1035 315 265

74 392 150 443 Dum
161 386 223 456 tibi,
242 372 314 460 quae
326 388 393 456 vidi,
409 388 552 455 referams
567 405 617 442 seu
633 391 759 462 corporis
770 392 882 469 umbra,

110 463 167 512 Seu
178 459 239 511 seri
251 458 365 528 species,
382 475 431 511 seu
442 459 499 511 fuit
507 458 557 512 ille
567 476 660 529 sopor.

74 529 137 583 Nox
151 536 226 580 erat).
247 537 275 580 et
285 527 391 580 bifores
400 529 523 581 intrabat
532 531 611 581 Luna
620 530 768 600 fenestras,
1015 537 1035 594 5

109 599 205 650 Mense
218 595 279 649 fere
292 597 510 667 mediaquinta
522 598 614 649 nitere
630 599 711 652 solet.
904 595 907 602 ⁴

73 666 191 721 Publica
204 682 251 719 me
265 664 375 736 requies
389 683 521 720 curarum
535 683 648 719 somnus
660 667 792 738 habebat,
893 689 894 692 ¹

16 749 18 754 ·
107 739 180 789 Fusa
220 752 235 788 e
250 743 331 788 erant
344 743 404 788 toto
416 734 549 807 longuida
561 738 690 790 membra
702 746 783 805 τοῖος

73 806 145 857 Cum
209 804 249 860 ito
264 804 363 874 pennis
377 804 496 876 agitatus
507 805 648 857 inhorruit
663 809 720 874 air,

106 876 143 926 Et
152 873 260 945 gemuit
271 890 357 942 parvo
369 882 447 926 mota
459 875 583 926 fenestra
596 891 675 929 sono.

16 949 18 1002 ζ
71 942 200 1000 Territus
212 945 242 996 in
249 943 477 996 cubitumrelevo
489 959 554 995 mea
566 944 696 995 membra
709 943 870 1006 sinistmms

106 1012 205 1064 Pulsus
217 1021 245 1063 et
258 1027 273 1063 e
287 1011 397 1081 trepido
412 1020 529 1082 pectore
544 1028 658 1065 somnus
672 1012 739 1066 abit.

16 1079 18 1140 ἶ
70 1081 172 1134 Stabat
181 1085 270 1133 Amor
280 1081 369 1148 vultu,
385 1099 442 1134 non
457 1099 513 1151 quo
527 1082 608 1152 prius
621 1098 680 1134 esse
692 1082 809 1151 solebat,

106 1149 209 1202 Fulcra
220 1158 316 1203 tenens
329 1150 408 1203 laeva
420 1151 509 1202 tristis
524 1167 627 1203 acerna
639 1167 739 1203 manus

70 1220 132 1273 Nec
145 1227 277 1289 torquem
292 1219 376 1285 collo,
393 1236 445 1272 nec
457 1220 562 1272 habens
579 1220 684 1272 cunule
702 1218 821 1289 capillis,

16 1305 17 1310 ¹
104 1290 166 1341 Nec
179 1288 255 1340 bene
266 1287 412 1357 dispositas
425 1297 544 1355 comtus,
561 1296 680 1352 utente,
699 1304 805 1343 comas.

70 1356 194 1411 Horrida
203 1356 364 1426 pendebant
376 1357 476 1410 molles
489 1373 573 1427 super
587 1374 638 1410 ora
652 1356 761 1427 capilli5

104 1428 141 1478 Et
150 1423 268 1478 visa‘est'
278 1424 365 1478 oculis
375 1425 493 1479 horrida
505 1443 599 1495 penna
607 1427 694 1479 meis:

70 1495 167 1561 Qualis
183 1495 213 1547 in
225 1495 318 1548 siriae
330 1503 411 1567 tergo
426 1495 498 1548 solet
514 1512 573 1547 osso
586 1496 744 1562 columbae,

103 1567 288 1617 'Praeteritum
299 1563 405 1617 multae
420 1581 505 1635 quam
515 1564 635 1636 tetigere
644 1581 753 1617 manias.

69 1634 161 1699 Hunc,
178 1632 263 1685 simul
274 1634 385 1704 agnovi,
402 1650 494 1705 neque
509 1633 586 1686 enim
598 1631 672 1687 mihi
681 1634 776 1687 notior
791 1630 872 1703 alter,

75 1731 80 1744 ·
103 1702 219 1755 Talibus
231 1701 317 1754 affata
330 1710 371 1755 est
383 1701 474 1756 libera
483 1703 581 1774 lingua
594 1703 683 1756 sonis:

71 1774 92 1823 0
105 1787 187 1841 puer,
206 1770 294 1823 exsilii
307 1772 423 1842 decepto
434 1789 516 1825 causa
529 1772 675 1844 magistro,

104 1844 198 1905 Quem
211 1839 267 1892 fuit
276 1840 369 1896 utilius
381 1859 439 1894 non
449 1842 577 1904 docuisse
588 1841 673 1908 mihi3

69 1910 133 1963 Huc
148 1926 261 1980 quoque
274 1910 385 1976 venisti,
402 1928 456 1980 pax
468 1920 509 1963 est
519 1911 568 1963 ubi
581 1919 710 1980 tempore
719 1912 809 1981 nullo,

16 2001 18 2038 ;
102 1982 139 2031 Et
155 1978 213 2031 coit
223 1977 362 2031 adstrictis
377 1980 512 2033 barbarus
528 1984 598 2031 Istos·
610 1981 709 2050 aquis?

16 2101 17 2104 ,
69 2048 149 2113 Quae
163 2047 216 2100 tibi
229 2064 314 2100 causa
327 2047 408 2100 viae?
424 2048 477 2101 nisi
487 2048 530 2099 uti
541 2048 618 2101 mala
630 2058 726 2101 nostra
738 2048 869 2106 rideres?

104 2121 182 2182 Quae
196 2124 269 2181 sunt,
286 2117 309 2167 si
321 2117 418 2181 nescis,
434 2116 572 2170 invidiosa
582 2117 644 2171 tibi.

68 2186 114 2240 Tu
125 2185 197 2242 mibi
203 2184 320 2238 dictasti
328 2185 460 2240 iuvenilia
472 2186 597 2238 carmina
611 2186 734 2256 primus:
845 2185 855 2198 ”

102 2254 228 2325 Apposui
239 2254 320 2321 senis,
336 2262 365 2306 te
381 2254 462 2321 duce,
480 2254 603 2326 quinquo
620 2254 714 2324 pedes.

68 2325 129 2379 Nec
141 2340 191 2376 me
199 2324 328 2393 Maeonio
339 2339 509 2395 consurgere
522 2324 656 2390 carmine,
673 2340 727 2376 nec
738 2340 786 2379 me

102 2394 204 2446 Dicere
214 2407 384 2463 magnorum
396 2410 492 2463 passus
508 2409 535 2446 es
551 2401 615 2445 acta
628 2391 740 2447 ducum.

68 2463 197 2516 Forsitan
212 2461 332 2533 exiguas,
349 2462 455 2533 aliquas
466 2471 572 2528 tamen,
589 2478 672 2515 arcus
686 2460 796 2534 etignis
862 2487 864 2492 v

101 2530 209 2602 Ingenii
223 2532 294 2584 vires
309 2534 502 2598 comminuere
513 2532 579 2585 mai.

68 2601 197 2670 Namque
210 2617 262 2672 ego
276 2600 343 2653 dum
356 2610 439 2654 canto
450 2610 499 2655 tua
510 2618 606 2673 regna,
622 2608 745 2671 tuaeque
754 2601 888 2674 parentis,

102 2674 136 2723 In
147 2669 259 2729 nullum
272 2687 337 2722 mea
348 2687 426 2723 mens
438 2671 543 2741 pande
554 2671 665 2723 vacavit
677 2688 755 2739 opus.

68 2739 128 2793 Nec
140 2739 208 2794 satis
217 2739 247 2791 id
257 2738 364 2803 iuerat3
380 2738 482 2792 stultus
515 2755 607 2812 unque
622 2739 826 2807 commarieni,

102 2808 216 2862 Artibus
230 2816 264 2860 ut
278 2824 372 2876 posses
390 2824 448 2859 non
461 2757 538 2860 ruiis
552 2824 612 2860 esse
624 2808 703 2861 meis.

69 2877 121 2931 Pro
135 2877 235 2948 quibus
246 2876 373 2929 exsilium
384 2876 490 2929 misero
503 2876 572 2928 mihi
581 2876 692 2929 reddita
703 2892 828 2935 merces:

102 2946 135 3000 Id
149 2962 263 3017 quoque
277 2945 308 2996 in
323 2946 461 3014 extremis,
480 2954 509 2998 et
518 2947 579 2997 sine
591 2962 671 3014 pace,
687 2945 767 3001 lonis.

16 3009 18 3028 '
69 3018 104 3067 at
113 3033 173 3068 non
186 3014 334 3068 Chionides
343 3015 492 3084 Eumolpus
504 3015 535 3067 in
548 3018 569 3065 0
604 3015 658 3066 hea
670 3015 743 3080 talis,

105 3088 138 3138 In
151 3084 262 3155 Phryga
273 3101 326 3136 nec
340 3088 469 3153 Satyrum
485 3083 548 3135 talis
562 3086 582 3133 Ο
595 3100 693 3152 ympus
706 3092 776 3139 erat.
859 3147 861 3150 ,

67 3153 195 3210 Praemia
206 3170 259 3206 nec
272 3145 375 3206 Chiron
390 3154 424 3205 ab
437 3152 539 3206 Achilli
550 3152 618 3204 talia
629 3152 714 3221 cepit,

102 3223 332 3294 Pythagoraeque
344 3222 440 3288 ferunt
453 3239 511 3275 non
523 3221 650 3274 nocuisse
662 3223 794 3280 Numam.

71 3292 190 3345 Nomina
203 3308 259 3345 neu
271 3291 521 3363 referam'iongum
533 3290 654 3345 collecta
663 3308 716 3362 per
726 3305 836 3364 aarum,

16 3359 18 3372 '
102 3360 245 3431 Discipulo
258 3360 330 3431 perii
343 3361 418 3415 solus
430 3361 465 3415 ab
479 3361 539 3432 ipse
553 3376 630 3417 meo.

111 3471 189 3509 osan.
211 3455 263 3508 111.
483 3536 497 3552 ι
795 3457 819 3513 Z
