2334 3842
116 240 160 307 42
364 232 396 287 P.
418 229 568 286 OVIDII
588 226 780 285 NASONIS

187 394 230 457 Et,
247 404 297 442 seu
308 380 477 444 vomeribus,
493 394 544 431 seu
558 385 591 431 tu
600 376 749 447 pulsabere
761 375 870 441 rastris3
958 378 968 405 ’-

223 459 357 521 Clamato,
384 454 462 504 Meus
482 457 523 500 est
535 447 582 499 hic
595 464 671 518 ager,
694 446 743 498 ilie
760 455 834 498 tuus.

190 533 237 582 Est
248 527 306 594 via,
331 537 402 593 quae
413 517 550 589 populum
566 520 718 569 Laurentes
738 515 816 568 ducit
834 514 865 566 in
882 528 973 585 agros,

123 603 176 658 680
194 597 341 663 Quondam
359 587 498 643 Dardanio
513 603 544 639 re
585 586 709 654 apetitu
727 584 800 638 duci.
996 594 999 599 ·

194 669 262 723 Illac
275 659 394 732 lanigeri
406 656 515 726 pecoris
528 656 548 707 ti
565 657 589 722 i,
604 655 750 721 Termine,
775 654 854 707 fibris

158 724 161 731 ¹
229 741 314 787 Sacra
328 729 404 782 videt
420 725 482 778 fieri
497 734 589 777 sextus
612 724 647 776 ab
663 724 739 776 Urbe
758 722 838 792 lapis.

197 805 332 859 Gentibus
346 807 388 851 est
406 795 468 847 aliis
488 794 570 847 tellus
586 793 651 846 data
670 793 759 845 limite
781 800 874 856 cert03
904 832 908 839 .

146 892 148 899 ’
231 878 373 927 Romanae
385 865 507 936 spatium
521 872 563 917 est
576 863 690 921 Urbiset
704 862 778 915 orbis
792 863 876 914 idem.

130 979 181 1036 685
200 956 293 1030 Nunc
310 970 428 1026 dicenda
444 966 514 1020 mihi
527 966 610 1037 Regis
626 966 702 1038 fuga.
738 967 832 1018 Traxit
850 965 884 1018 ab
896 964 946 1017 illa

236 1053 332 1100 Sextus
352 1041 386 1093 ab
407 1047 530 1091 extremo
544 1036 658 1087 nomina
675 1053 771 1087 mense
792 1036 873 1105 dies..

202 1116 308 1172 Ultima
319 1109 485 1180 Tarquinius
498 1109 641 1158 Romanae
662 1106 752 1177 gentis
765 1105 889 1157 habebat

236 1191 342 1256 Regna,
357 1180 400 1232 vir
416 1178 544 1240 iniustus,
559 1174 643 1227 fortis
655 1175 691 1226 ad
708 1192 786 1226 arina
800 1185 906 1228 tamen.

205 1259 322 1325 Ceperat
332 1251 380 1302 hic
394 1247 470 1311 alias,
489 1245 556 1307 alias
574 1253 713 1298 everterat
726 1245 826 1311 urbes,

137 1326 189 1381 690
240 1328 273 1377 Et
287 1320 389 1374 Gabios
403 1315 479 1384 turpi
499 1315 610 1367 iecerat
627 1323 685 1366 arte
705 1331 777 1366 suos.
866 1338 869 1343 »
904 1312 907 1318 “

206 1397 333 1462 Namque
346 1387 433 1440 trium
445 1384 588 1450 minimus,
605 1382 683 1454 poles
701 1383 850 1434 manifesta
863 1382 990 1453 Superbi,

243 1467 274 1514 In
286 1458 394 1512 medios
407 1456 500 1507 hostes
517 1464 601 1506 nocte
615 1453 713 1505 silente
725 1453 811 1505 venit.

211 1525 489 1598 Nudarantgledi083
515 1523 653 1588 Occidite,
671 1521 747 1585 dixit,
770 1523 929 1576 intermem.

247 1604 306 1653 Hoc
325 1597 438 1666 cupiant
450 1593 561 1658 fratres,
578 1592 799 1663 Tarquiniusque
817 1600 913 1662 pater,

144 1672 195 1728 695
213 1673 267 1736 Qui
279 1684 343 1720 mea
355 1662 462 1718 crudeli
474 1661 610 1733 laceravit
625 1663 742 1713 verbere
751 1671 840 1733 terga.

247 1739 346 1790 Dicere
360 1742 393 1786 ut
405 1733 461 1784 hoc
474 1738 576 1800 posset,
595 1728 712 1783 verbera
724 1749 818 1800 passus
829 1741 898 1786 erat.
1145 1782 1146 1803 ,

214 1811 294 1862 Luna
307 1805 371 1857 fuit.
405 1800 690 1861 Sectantiuvenem,
715 1800 877 1872 gladiosque
891 1800 1063 1854 recondunt:
1145 1836 1146 1851 i

250 1879 406 1946 Tergaque,
419 1819 629 1935 deductaveste,
645 1880 743 1922 notata
755 1871 859 1925 vident.

150 2016 202 2069 700
218 1948 375 2066 FlGrsillffiiis
390 2009 496 2081 ignaris
513 2009 610 2060 annuit
628 2009 676 2060 ille
700 2009 773 2065 viris.

218 2090 333 2153 Iamque
343 2088 449 2149 potens,
467 2078 551 2131 misso
568 2078 726 2150 genitorem
742 2079 864 2148 appellat
882 2079 985 2145 amico,

254 2149 392 2205 Prodendi
404 2149 505 2201 Gabios
518 2149 595 2218 quod
608 2149 661 2201 sibi
676 2158 813 2201 monstret
825 2150 889 2204 iter.

169 2283 176 2289 ,
220 2226 324 2276 Hortus
341 2218 463 2272 odoratis
478 2219 593 2270 suberat
609 2219 777 2270 cultissimus
793 2218 897 2286 herbis,

153 2290 155 2295 ’
254 2296 350 2343 Sectus
359 2288 478 2340 humum
489 2287 550 2339 rivo
564 2288 627 2340 lene
644 2289 767 2340 sonantis
785 2304 884 2359 aquae.

156 2362 208 2420 705
221 2360 284 2415 Illic
294 2358 459 2428 Tarquinius
471 2356 606 2409 mandata
621 2355 739 2410 latentia
752 2359 812 2410 nati

258 2428 375 2497 Accipit,
393 2435 422 2480 et
436 2427 514 2499 virga
526 2426 586 2477 lilia
601 2445 709 2480 summu
721 2427 812 2480 metit.

226 2498 346 2554 Nuntius
359 2504 391 2547 ut
403 2495 496 2557 rediit,
520 2492 689 2571 decussaque
703 2497 763 2548 lilia
784 2495 866 2563 dirit3

193 2630 195 2637 γ
263 2567 358 2631 Filius,
374 2570 502 2637 Agnosco
518 2564 592 2616 iussa
603 2568 734 2635 parentis,
753 2566 800 2620 ait.

227 2640 286 2693 Nec
297 2650 391 2686 mora:
413 2632 586 2702 principibus
604 2637 688 2688 caesis
702 2653 734 2687 ex
751 2635 821 2687 urhe
833 2633 950 2702 Gabina,
970 2656 972 2660 ·

162 2707 214 2764 710
261 2703 421 2757 Traduntur
435 2702 550 2755 ducibus
564 2707 676 2757 moenia
687 2705 762 2757 nuda
773 2705 837 2756 suis.

186 2776 191 2785 ’
229 2779 310 2837 Ecce,
328 2772 408 2825 nefas
418 2771 488 2836 visu,
505 2773 603 2825 mediis
614 2774 747 2827 altaribus
760 2773 858 2856 anguis

265 2842 335 2906 Exit,
360 2851 388 2894 et
399 2843 536 2895 exstinctis
551 2844 662 2915 ignibus
680 2853 741 2896 exta
751 2852 833 2913 rapit.

187 2911 192 2917 ’
234 2911 395 2965 Consulitur
405 2912 541 2965 Phoebus.
576 2918 640 2966 Sors
658 2923 700 2966 est
707 2914 746 2966 ita
760 2912 882 2965 reddita:
899 2912 983 2969 Matri

268 2982 321 3045 Qui
335 2980 442 3033 dederit
452 2983 580 3053 princeps
602 2984 706 3048 oscula,
724 2985 814 3035 victor
828 2982 889 3034 erit.

167 3048 218 3109 715
236 3050 340 3102 Oscula
348 3049 465 3119 quisque
482 3068 548 3104 suae
561 3053 648 3105 matri
660 3062 811 3123 properata
819 3050 955 3116 tulerunt,

271 3122 334 3172 Non
344 3118 487 3170 intellecto
502 3121 616 3175 creduis
627 3122 711 3174 turba
726 3123 788 3175 deo.

238 3192 336 3242 Brutus
346 3196 407 3240 erat
418 3188 495 3240 stulti
510 3192 617 3259 sapiens
631 3192 763 3258 imitator,
777 3200 809 3242 ut
823 3199 895 3243 esset

273 3260 359 3313 Tutus
372 3257 407 3309 ab
417 3257 530 3323 insidiis,
555 3259 615 3312 dire
631 3262 763 3329 Superbe,
779 3262 841 3313 tuis.

171 3348 175 3365 ·
240 3327 301 3395 Ille,
317 3327 411 3380 iacens
424 3344 538 3396 pronus,
561 3333 645 3384 matri
659 3330 735 3384 dedit
749 3331 847 3384 oscula
856 3332 970 3396 Terrae,
1038 3380 1052 3401 ..·
1071 3346 1079 3355 Χ

353 1952 436 2012 oque,
454 1948 492 2003 et,
517 1947 549 1990 ut
567 1956 663 1991 secum
675 1948 786 1992 tucatur
799 1940 883 2006 bella,
906 1948 1066 2011 precantia.
1146 1972 1147 1979 κ
