2334 3842
156 233 198 295 70
426 230 457 289 r.
476 219 842 335 ov1u11uasou1s
864 186 867 197 ¹

259 376 382 445 Stabant,
400 375 563 430 Archolicae
575 375 651 447 qnod
660 391 779 445 posuere
790 388 898 431 manus.

223 448 345 500 Venerat
358 447 471 499 Atridae
484 445 549 499 fatis
564 447 684 517 agitatus
695 446 826 511 Halesus3

189 545 191 554 ·
256 521 280 569 A
292 533 347 588 quo
362 533 391 569 se
407 515 511 568 dictam
524 524 602 568 terra
614 514 721 567 Falisca
733 523 822 584 putat.

153 585 187 641 75
222 585 319 639 Adiice
331 586 466 637 Troianae
476 601 619 637 suasorem
630 591 771 637 Antenora
784 583 871 654 pacis,

255 657 290 706 Et
301 650 438 725 generum
452 654 584 721 Oeniden,
601 654 708 724 Appula
720 657 824 718 Daune,
840 661 932 709 tuum.

222 729 305 777 Serus
315 724 350 775 ab
361 722 460 788 Iliacis,
479 732 507 775 et
539 733 582 776 ost
592 728 741 788 Antenora,
757 722 881 775 flammis

250 793 355 845 ,attulit
363 796 470 844 Aeneas
481 793 511 844 in
518 741 587 845 loca
599 802 695 844 nostra
710 793 785 845 deos.
873 812 874 815 ¹

220 863 307 915 Huius
321 868 381 913 erat
395 861 522 930 Solymus
536 862 654 932 Phrygia
665 878 762 913 comes
776 860 851 912 exsul
865 860 901 913 ab
914 861 981 915 Ida:

151 928 187 984 80
254 935 278 982 A
293 947 348 1000 quo
360 930 499 983 Sulmonis
511 932 624 983 moenia
639 947 743 983 nomen
757 929 889 994 habent3'

218 999 357 1067 Sulmonis
368 999 461 1070 gelidi,
477 1000 593 1070 patriae,
612 1001 787 1064 Germanice,
805 1009 927 1052 nostrae.

254 1071 300 1122 Me
314 1066 458 1135 miserum,
476 1070 606 1138 Scythico
620 1086 704 1139 quam
717 1070 818 1138 procul
831 1069 880 1121 illa
891 1069 952 1121 solo
966 1070 1021 1122 est!

219 1139 292 1208 Ergo
307 1155 358 1208 ego
372 1147 431 1190 tam
444 1138 550 1209 longe?
568 1137 618 1190 sed
632 1140 782 1208 supprime,
800 1142 888 1205 Musa,
907 1138 1050 1209 querelas:
1092 1154 1095 1159 ·

235 1209 315 1261 ,Non
329 1207 381 1259 tibi
396 1216 578 1275 suntvmcesta
590 1225 670 1260 sacra
682 1207 808 1260 canenda
818 1207 887 1275 lyra.
1010 1272 1012 1275 ι

148 1274 183 1330 85
218 1278 280 1342 Quo
297 1292 354 1328 non
368 1275 442 1329 livor
456 1276 534 1329 abit?
552 1285 617 1328 sunt
631 1278 678 1348 qui
694 1277 745 1330 tihi
759 1275 861 1329 mensis
872 1276 1014 1331 honorem

70 1344 77 1349 '
251 1344 388 1416 Eripuisse
399 1346 492 1412 velint,
509 1346 835 1416 invideantque,‚Venus.

217 1415 299 1482 Nam,
316 1414 384 1485 quis
394 1418 450 1468 Ver
461 1416 552 1485 aperit
563 1425 632 1485 tunc
647 1416 750 1480 omnia,
768 1415 908 1486 densaque
920 1413 997 1469 cedit

249 1485 374 1555 Frigoris
384 1486 526 1554 asperitas,
543 1485 657 1554 fetaque
669 1493 746 1537 terra
756 1493 848 1553 patet;

165 1566 166 1570 ’
215 1554 340 1623 Aprilem
350 1561 510 1607 memorant
522 1555 556 1606 ab
570 1563 667 1623 aperto
682 1561 810 1622 tempore
823 1553 946 1609 dicmur:

146 1625 182 1678 90
251 1626 342 1686 Quem
357 1626 449 1676 Venus
461 1623 565 1675 iniecta
577 1622 702 1675 vindicat
714 1622 789 1674 alma
799 1638 895 1676 manu.

180 1753 183 1758 ,
216 1692 267 1746 Illa
280 1689 396 1761 quidem
406 1701 500 1743 totum
513 1692 674 1762 dignissima
687 1700 827 1762 temperat
842 1692 961 1746 orbem:

250 1759 301 1812 Illa
316 1768 394 1813 tenet
405 1761 485 1813 nullo
499 1777 588 1831 regna
601 1761 712 1813 minora
725 1762 794 1814 deo:

214 1832 335 1898 luraque
343 1828 393 1881 dat
405 1830 495 1896 coelo,
512 1839 615 1896 terrae,
633 1831 771 1882 natalibus
782 1828 879 1895 undis3

247 1899 355 1967 Perque
365 1914 430 1951 suos
443 1899 527 1952 initus
541 1899 668 1952 continet
681 1916 764 1952 omne
777 1914 875 1970 genus.

145 1968 181 2025 95
215 1966 266 2020 Illa
279 1966 345 2019 deos
361 1984 467 2034 omnes,
485 1968 602 2039 longum
616 1986 791 2035 enumerare,
810 1966 932 2022 creavit:

250 2036 302 2088 Illa
315 2037 380 2089 satis
392 2054 487 2090 causas
503 2039 705 2109 arboribusque
717 2037 810 2090 dedit:

213 2105 266 2158 llla
275 2105 358 2158 rudes
370 2107 478 2160 animos
490 2107 638 2160 hominum
653 2107 794 2160 contraxit
805 2106 837 2158 in
847 2122 954 2174 unum3

247 2177 281 2227 Et
295 2174 390 2228 docuit
406 2177 484 2248 iungi
496 2195 562 2229 cum
576 2194 644 2246 pare
657 2192 798 2247 quemque
812 2193 871 2230 sua.
1147 2234 1148 2239 ,

214 2243 288 2308 Quid
299 2261 386 2314 genus
400 2263 483 2298 omne
496 2255 574 2299 creat
588 2246 744 2311 volucrum,
762 2244 816 2297 nisi
829 2244 933 2297 blanda
955 2240 1102 2316 vpluptaa?
1147 2285 1148 2289 ,

145 2318 198 2370 100
249 2315 308 2365 Nec
323 2317 424 2366 coeant
436 2315 567 2383 pecudes,
586 2315 609 2366 si
619 2315 687 2367 levis
701 2314 774 2366 absit
788 2330 877 2366 amor.

213 2382 282 2433 Cum
297 2398 374 2435 mare
386 2392 450 2434 trux
463 2384 535 2436 aries
551 2401 640 2436 cornu
652 2384 791 2436 decertat:
810 2392 839 2434 at
850 2382 928 2436 idem

246 2453 380 2503 Frontem
391 2451 510 2504 dilectae
520 2452 633 2505 laedere
649 2454 741 2521 parcit
755 2453 823 2505 ovis.

211 2519 342 2588 Deposita
354 2529 452 2572 taurus
465 2521 594 2592 sequitur
606 2521 718 2574 feritate
731 2521 888 2587 iuvencam,
963 2532 966 2540 '

246 2593 337 2653 Quem
348 2590 403 2642 toti
413 2588 507 2657 saltus,
526 2607 611 2660 quern
624 2607 723 2643 nemus
735 2607 819 2642 omne
827 2589 936 2645 tremit.

144 2663 194 2718 105
214 2657 262 2714 vis
276 2658 384 2724 eadem,
401 2658 459 2710 lato
474 2661 661 2729 quodcunque
673 2661 725 2712 sub
739 2675 862 2730 aequore
876 2658 954 2726 vivit,

245 2732 353 2793 Servat,
372 2737 399 2780 et
410 2728 563 2781 innumeris
575 2729 698 2799 piscihus
709 2729 810 2796 implet
822 2744 918 2808 aqiras,

209 2796 302 2849 Prima
315 2797 392 2850 ieros
403 2797 519 2850 habitus
527 2798 635 2850 homini
648 2798 783 2850 detraxit:
801 2797 836 2850 ab
850 2797 900 2849 illa

245 2867 390 2919 Venerunt
403 2868 494 2920 cultus
505 2867 666 2937 mundaque
679 2884 748 2920 cura
759 2867 812 2921 sui.

210 2933 318 2987 Primus
330 2951 426 2988 amans
441 2953 557 2991 carmen
569 2937 716 3008 vigilatum
729 2945 814 2989 nocte
824 2944 927 3006 negata

141 3008 195 3062 110
243 3002 352 3057 Dicitur
369 3004 405 3055 ad
420 3005 527 3058 clausas
541 3006 715 3058 concinuisse
728 3007 815 3059 fores.

208 3070 414 3141 Eloquiumque
427 3074 483 3126 tuit
497 3075 598 3128 duram
613 3091 728 3127 exorare
742 3074 884 3144 puellam:

242 3140 353 3209 Proque
363 3158 413 3193 sua
427 3161 510 3196 causa
521 3143 638 3215 quisque
652 3144 770 3196 disertus
783 3153 851 3196 erat.

208 3207 287 3260 Mille
298 3224 350 3276 per
362 3209 436 3263 hanc
450 3221 523 3264 artes
537 3221 648 3266 motae:
666 3213 814 3283 studioque
827 3212 961 3282 placenti,

244 3279 323 3339 Quae
332 3274 440 3331 latuere
451 3281 536 3349 prius,
553 3281 643 3333 multa
655 3291 768 3350 reperta
782 3283 888 3335 ferunt.

141 3345 192 3401 115
210 3346 289 3398 Hanc
303 3346 451 3417 quisquam
462 3348 547 3402 titulo
560 3351 664 3403 mensis
675 3351 794 3421 spoliare
806 3349 923 3407 secundi
