2334 3842
332 918 374 987 P.
416 913 616 983 OVIDII
659 910 910 984 NASONIS

142 1056 179 1140 F
264 1055 305 1138 A
392 1042 555 1140 ST
640 1051 682 1135 Ο
775 1052 819 1136 R
910 1050 983 1137 U
1045 1054 1099 1141 M

389 1241 543 1328 ornan
579 1238 844 1300 snouuons.
938 1296 941 1300 Δ
1048 1232 1060 1243 ’

447 1450 453 1463 ⁴
513 1422 722 1450 m

208 1516 298 1601 Ianus
311 1540 398 1595 habet
408 1538 510 1594 finem:
529 1556 597 1592 cum
609 1538 733 1592 carmine
746 1537 847 1590 crescit
861 1549 890 1594 at
903 1557 1006 1607 annus3
1093 1580 1095 1583 .

241 1612 319 1664 Alter
328 1620 360 1663 ut
373 1610 439 1663 hinc
452 1609 571 1672 mensis,
590 1607 630 1661 sic
643 1608 716 1659 liber
725 1607 797 1660 alter
810 1615 865 1662 eat.

206 1682 288 1733 Nunc
302 1680 427 1750 primum
438 1678 516 1743 velis,
533 1676 621 1747 megi,
639 1678 790 1730 maioribus
801 1676 865 1728 itis:
879 1720 886 1737 „

240 1751 385 1819 Exiguum,
404 1746 528 1813 memini,
544 1763 634 1817 nupeq
647 1748 729 1798 eratis
743 1763 820 1815 opus.

138 1821 154 1873 5
203 1820 282 1872 Certe
297 1835 349 1937 eqo
363 1834 412 1873 vos
425 1814 512 1869 habui
528 1815 626 1867 faciles
637 1816 668 1867 in
679 1832 776 1868 amore
790 1814 939 1884 ministros,

241 1890 310 1939 Cum
335 1883 521 1947 uaitnumeris
535 1886 627 1954 prima
638 1884 751 1937 iuventa
766 1885 830 1938 suis.
848 1914 853 1921 =

203 1956 283 2009 Idem
295 1971 468 2020 sacra‘cano,
484 1953 508 2007 si
549 1963 651 2024 utaque
664 1964 794 2023 tempora
806 1953 893 2006 fastis.
933 1965 936 1971 '

239 2025 338 2096 Ecquis
352 2024 388 2077 ad
403 2024 474 2076 haec
486 2023 497 2074 i
522 2022 566 2074 'nc
577 2022 706 2076 crederet
720 2039 778 2076 esse
790 2023 884 2076 viam?

203 2097 279 2150 Haec
291 2110 356 2146 mea
367 2093 468 2145 militia
478 2101 533 2145 est:
550 2092 676 2158 ierimus,
694 2109 765 2163 quae
782 2108 937 2164 possumus,
954 2109 1052 2150 anna:

135 2166 170 2218 10
238 2167 394 2234 Dextraque
403 2162 463 2214 aion
476 2162 552 2214 cumi
564 2178 681 2215 munere
691 2171 787 2214 nostra
801 2173 891 2217 vacat.

203 2235 232 2287 si
244 2234 314 2286 mihi
327 2250 386 2284 non
400 2231 493 2284 valido
508 2239 679 2302 torquentur
690 2231 749 2301 pila
758 2232 876 2301 lacerno,

237 2305 296 2355 Nec
310 2301 456 2357 bellatoris
466 2309 548 2372 terge
558 2309 727 2371 premuntur
738 2302 819 2372 equi3

201 2375 261 2427 Nec
273 2372 354 2443 galea
367 2372 498 2443 tegimur,
515 2388 569 2424 neo
583 2379 666 2423 acuto
683 2370 824 2441 cingimur
838 2387 918 2439 ense;

235 2442 285 2493 His
297 2440 398 2492 habilis
409 2440 473 2499 telis
486 2440 604 2510 quilibet
617 2455 676 2493 esse
687 2450 794 2507 potest:

134 2512 167 2565 15
202 2515 237 2563 At
250 2520 301 2562 tua
312 2512 508 2590 prosequimur
520 2508 644 2561 studioso
649 2514 779 2629 pectore,
798 2511 907 2580 Caesar,
966 2542 969 2547 ·

235 2582 358 2632 Nomine
370 2598 377 2631 ε
396 2595 448 2647 per
458 2577 555 2630 titulos
567 2579 596 2630 in
633 2595 648 2630 e
668 2579 796 2650 imurque
808 2588 881 2634 tuos.

200 2652 274 2721 Ergo
287 2649 362 2715 ades,
381 2656 411 2701 et
419 2646 531 2716 placido
544 2665 581 2717 pa
612 2664 661 2699 um
673 2664 737 2700 mea
751 2666 868 2702 munera
879 2647 960 2704 uultu

234 2719 361 2788 Respice,
369 2715 501 2787 ‚pacando
514 2715 538 2776 si
552 2715 619 2788 quid
633 2717 668 2769 ab
678 2717 758 2771 hoste
770 2735 861 2773 vacas.

200 2800 319 2873 Februa
330 2819 449 2875 Romani
460 2817 554 2873 dixere
568 2819 692 2889 piamina
708 2829 814 2889 patres:

131 2891 168 2943 20
235 2891 317 2942 Nunc
331 2906 445 2960 quoque
457 2889 524 2942 dant
535 2890 622 2942 verbo
633 2889 756 2960 plurima
767 2889 846 2960 signa
859 2889 953 2947 fidem.

199 2958 347 3011 Pontifices
358 2959 393 3010 ab
405 2961 480 3030 Rege
490 2967 592 3029 petunt
604 2967 632 3010 et
643 2958 765 3011 Flamina
779 2959 866 3026 lanas,

141 3050 144 3059 ⁴
234 3029 301 3091 Quis
312 3026 402 3079 veteri
413 3027 510 3098 lingua
520 3028 621 3080 februa
633 3046 736 3080 nomen
754 3037 823 3080 erat.

200 3098 333 3167 Quaeque
350 3096 425 3165 capit
435 3095 520 3149 lictor
534 3097 662 3149 domibus
673 3098 841 3168 purgamina
857 3099 947 3165 certis,

234 3164 353 3218 Torrida
364 3181 429 3218 cum
441 3168 515 3243 mica
527 3166 614 3233 farra3
631 3176 766 3219 vocantur
777 3166 862 3218 idem.

130 3237 165 3292 25
198 3237 309 3290 Nomen
320 3234 396 3287 idem
407 3250 496 3301 ramo,
514 3236 571 3305 qui,
591 3253 686 3288 caesus
698 3237 733 3287 ab
746 3237 846 3288 arbore
860 3253 940 3305 pura,

233 3307 314 3358 Casta
325 3304 503 3357 sacerdotum
515 3314 645 3374 tempora
658 3304 759 3357 fronde
773 3306 850 3374 tegit.

197 3375 258 3444 Ipse
272 3388 325 3447 ego
335 3373 518 3430 Flnninicam
528 3383 690 3443 poscentem
703 3375 806 3428 februa
820 3372 892 3428 vidi:
922 3382 924 3387 ’
