2334 3842
140 200 182 264 62
406 196 438 255 P.
462 198 613 253 OVIDII
631 196 823 254 NASONIS

242 349 276 400 Et
286 355 367 417 parat
377 343 505 412 insidias,
515 351 544 396 et
557 343 635 413 cupit
644 343 705 397 ulta
716 344 798 398 mori.

155 437 157 442 ’
207 419 269 472 Nox
282 426 355 469 erat:
373 424 437 467 ante
450 423 546 466 torum
558 415 617 467 visa
632 423 674 465 est
686 415 795 466 adstare
805 413 910 469 sororis

137 486 191 548 640
242 484 386 555 squalenti
397 482 467 535 Dido
483 483 696 554 sanguinolenta
709 500 807 545 coma;

126 552 141 572 ‘
206 558 241 611 lit
253 556 331 627 fuge,
348 570 384 606 ne
397 552 500 616 dubita,
517 561 666 617 moestum,
682 553 760 622 iuge,
776 552 880 620 dicere,
896 560 1013 608 tectum.

241 626 296 676 Sub
307 624 429 677 ,verbum
444 622 572 692 querulas
585 622 697 690 impulit
709 639 778 673 aura
790 623 877 676 iores.

157 750 161 759 ,
204 692 318 757 Exsilit;
337 700 365 744 et
378 691 456 743 velox
468 691 568 753 humili
578 707 661 759 super
678 708 746 743 arva
755 688 880 744 fenestra

54 822 62 829 R
178 778 182 801 ¹
241 767 275 815 Se
289 761 367 814 iacit.
402 760 544 813 Audacem
558 761 667 812 fecerat
681 760 740 829 ipse
752 760 848 813 timor.

136 833 187 892 645
204 837 321 900 Quaque
332 837 410 881 metu
422 829 540 898 rapitur,
557 829 654 882 tunica
667 830 759 881 velata
769 830 905 897 recincta,

241 899 342 965 currit,
360 907 391 950 ut
405 898 506 951 auditis
518 899 618 951 territa
632 899 714 949 dama
725 899 806 966 lupis.

205 969 287 1023 comi
309 985 340 1020 er
351 967 424 1019 hanc
436 968 543 1036 cupidis
557 968 683 1036 rapuisse
698 967 841 1020 Numicius
853 966 937 1021 undis

239 1040 290 1090 cre
312 1038 374 1103 tur,
393 1045 422 1089 et
435 1037 538 1108 stagnis
553 1037 707 1089 occuluisse
719 1037 784 1089 suis.

203 1106 312 1161 Sidonis
327 1106 436 1158 interea
447 1122 550 1176 magno
565 1105 689 1159 clamore
702 1123 752 1175 per
763 1122 846 1177 agros

133 1180 187 1238 650
239 1176 394 1239 Quaeritur.
424 1179 563 1246 Apparent
578 1176 658 1246 signa
671 1184 810 1244 notaeque
825 1174 939 1256 pedum.

141 1252 143 1259 ’
200 1248 322 1301 Ventum
334 1253 394 1298 erat
404 1242 440 1295 ad
453 1245 542 1315 ripas:
560 1243 670 1296 inerant
680 1244 796 1315 vestigia
809 1245 886 1314 npis.

238 1315 375 1366 Sustinuit
389 1315 488 1366 tacitas
503 1314 632 1365 conscius
643 1315 732 1365 amnis
745 1331 840 1383 aquas.

201 1391 263 1456 Ipsa
272 1381 354 1452 ioqui
367 1384 425 1436 risa
437 1393 487 1452 est,
506 1382 612 1441 Placidi
622 1400 685 1435 sum
695 1384 824 1452 Nympha
837 1383 967 1437 Numici:

131 1465 132 1472 ¹
235 1459 323 1506 Amne
335 1468 458 1522 perenne
474 1453 563 1504 latens
574 1457 653 1503 Anna
664 1456 789 1504 Perenna
800 1469 896 1509 vocor.

130 1525 182 1581 655
198 1522 327 1578 Protinus
339 1523 438 1574 erratis
449 1521 516 1573 laeti
526 1530 679 1573 vescuntur
692 1522 722 1573 in
738 1521 829 1592 agris,

233 1595 267 1643 Et
281 1590 425 1642 celebrant
438 1592 517 1660 largo
530 1606 616 1659 seque
631 1590 761 1659 diemque
774 1607 866 1646 mero.

199 1661 380 1728 Sunt-quibus
387 1659 459 1712 haec
471 1663 549 1710 Luna
556 1667 608 1725 est,
615 1660 680 1729 quia
687 1660 828 1712 mensibus
839 1659 957 1729 impleat
967 1678 1095 1723 annum

234 1731 300 1781 Pars
313 1730 440 1795 Themin,
458 1728 601 1780 Inachiam
616 1746 680 1797 pars
691 1737 773 1798 putat
786 1745 844 1780 esse
856 1729 971 1785 bouem,

201 1798 336 1863 Invenies,
353 1798 442 1867 quite
455 1798 602 1867 Nymphen
618 1797 761 1850 Atlantida
775 1797 884 1864 dicant3

130 1867 183 1922 660
234 1868 328 1936 Teque
341 1867 400 1918 Iovi
412 1866 528 1937 primos,
546 1873 633 1932 Anna,
653 1867 760 1918 dedisse
775 1866 864 1919 cibos.

198 1938 274 1989 Haec
287 1952 406 2005 quoque,
423 1954 508 2006 quam
519 1936 650 2002 referam,
662 1936 908 2005 nostraspervenit
919 1937 957 1991 ad
969 1956 1061 2002 auras
1156 1976 1157 1981 =

233 2008 334 2056 Fama:
350 2021 404 2058 nec
417 2022 511 2057 avere
523 2005 637 2057 dissidet
646 2005 696 2056 illa
707 2005 773 2059 lide.
816 2017 820 2025 ·
1156 1992 1157 2067 l

198 2074 278 2129 Plebs
290 2081 377 2140 vetus,
397 2082 425 2126 et
433 2075 517 2126 nullis
529 2075 683 2126 etiamnum
693 2082 755 2142 tpta
766 2073 897 2143 tribunis,
1156 2070 1157 2149 i

233 2144 330 2214 Fugit3
350 2144 418 2196 etin
433 2144 510 2196 Sacri
526 2144 633 2196 vertice
644 2144 747 2195 montis
763 2156 833 2198 erat.

129 2211 181 2269 665
197 2217 258 2266 Iam
272 2227 392 2282 quoque,
411 2231 495 2283 quem
506 2228 602 2265 secum
617 2213 749 2275 tulerant,
766 2212 986 2270 defeceratillos
1155 2154 1157 2263 l

231 2280 336 2347 Victus,
356 2289 383 2333 et
395 2282 524 2335 humanis
536 2283 632 2335 usibus
647 2291 712 2351 apta
726 2284 815 2334 Ceres.
1156 2288 1157 2317 l

197 2355 264 2403 Orta
276 2350 439 2404 suburbanis
452 2351 591 2422 quaedam
605 2352 659 2403 fuit
673 2356 751 2403 Anna
763 2350 875 2404 Bovillis
1156 2394 1157 2397 η

232 2422 347 2488 Pauper,
364 2420 413 2471 sed
425 2420 530 2472 multae
544 2420 707 2484 sedulitatis,
727 2437 803 2475 anus.
1156 2434 1157 2437 ’

162 2484 176 2505 ”’
195 2487 257 2553 llla,
273 2486 329 2539 levi
342 2490 426 2540 mitra
438 2506 521 2545 canos
533 2489 666 2541 redimita
678 2489 803 2559 capillos,

126 2558 180 2613 670
231 2557 367 2627 Fingebat
379 2559 501 2613 tremula
513 2558 619 2610 rustica
631 2559 689 2611 liba
701 2576 796 2610 manu.

196 2633 286 2696 Atque
299 2626 339 2677 ita
349 2643 400 2694 per
414 2628 551 2696 populum
563 2628 703 2679 fumantia
718 2644 799 2679 mane
813 2627 920 2680 solebat

230 2695 366 2748 Dividere.
393 2699 468 2749 Haec
479 2696 584 2765 populo
598 2698 678 2765 copia
689 2705 768 2767 grata
784 2696 849 2749 iuit.

195 2764 266 2817 Pace
281 2763 359 2817 dorni
369 2764 446 2817 facta
457 2765 568 2849 signum
580 2781 700 2834 posuere
714 2768 864 2832 Perennae,

231 2833 311 2899 Quod
323 2833 376 2886 sibi
389 2834 505 2887 defectis
516 2835 565 2887 illa
578 2835 690 2887 tulisset
702 2851 805 2904 opem.¹

126 2901 178 2957 675
194 2902 274 2955 Nunc
289 2902 368 2970 mihi,
386 2920 438 2956 cur
450 2913 571 2975 eantent,
589 2912 724 2972 superest,
741 2905 881 2956 obscoena
896 2905 1024 2976 puellae,

229 2970 343 3022 Dicere:
359 2989 427 3024 nam
439 2976 551 3041 coeunt,
570 2982 705 3050 certaque
717 2974 822 3042 probra
834 2982 951 3027 canunt.

194 3040 289 3105 Nuper
302 3046 362 3091 erat
373 3041 424 3094 dea
436 3043 524 3105 factm
542 3042 619 3095 venit
632 3042 766 3094 Gradivus
780 3042 817 3095 ad
831 3046 955 3111 Annam3

230 3110 263 3158 Et
278 3109 469 3175 cumaeducta
482 3111 549 3163 talia
562 3112 647 3174 verba
661 3111 740 3166 iacit.
956 3116 960 3120 ’

195 3176 289 3227 Mense
302 3193 366 3229 meo
378 3180 478 3231 coleris
486 3199 493 3233 ε
501 3181 576 3232 iunxi
584 3197 649 3232 mea
659 3190 788 3249 tempora
799 3189 910 3233 tecum:

126 3242 179 3298 680
229 3246 334 3297 Pendet
344 3246 379 3298 ab
392 3249 485 3300 officio
498 3265 559 3317 spes
570 3250 641 3303 mihi
651 3266 754 3318 magna
766 3258 824 3301 tuo.

178 3313 300 3366 armifer
311 3315 462 3371 anniferae
475 3327 619 3387 correptus
629 3334 726 3375 amore
740 3318 881 3373 Minerva
