2334 3842
150 263 212 331 152
419 267 449 320 Ρ.
473 264 623 319 ov1u11
644 262 838 322 nasonta

252 409 367 482 Ingenio
382 417 458 462 certe
471 425 528 460 non
544 409 615 460 latet
628 404 675 461 iiia
690 424 766 463 meo.

117 540 120 547 Χ
216 483 277 545 Quo
291 478 387 532 videar
400 478 525 549 quamvis
541 478 660 530 nimium
672 476 833 534 iuveniliter
846 496 926 538 usus:

251 548 365 602 Grande
376 556 473 600 tamen
485 555 546 599 toto
561 563 665 600 nomen
681 546 716 601 ab
731 551 799 604 orbe
811 551 883 608 fero.

216 618 365 688 narisque
377 614 526 669 doctorum
542 618 681 669 Nasonem
694 619 790 688 novit,
809 629 837 674 et
852 616 937 675 audet
988 680 991 689 κ

149 693 200 750 120
249 690 313 740 Non
323 685 452 739 fastiditis
464 702 650 738 annumerare
661 685 737 741 viris.

218 757 329 810 Corruit
344 755 415 808 baec
426 755 513 825 igitur
524 757 608 808 Musis
623 760 754 827 accepta,
770 756 823 811 sub
834 772 902 827 uno,
992 790 993 793 =

251 826 306 878 sed
320 842 378 878 non
392 825 507 895 exiguo,
527 825 645 877 crimine
658 825 737 896 lapsa
750 826 858 881 domus.

216 900 305 965 Atque
319 911 353 946 ea
367 894 407 946 sic
421 894 498 962 lapsa
513 902 567 960 est,
584 904 759 966 insurgere,
777 897 800 948 si
813 896 899 949 modo
913 895 981 950 laesi

251 964 439 1016 Ematuruerit
454 965 576 1015 Caesaris
589 964 648 1033 ira,
668 973 760 1034 queat.

152 1039 202 1103 125
219 1034 300 1087 Cuius
313 1033 342 1084 in
357 1041 457 1084 eventu
468 1050 575 1102 poenae
589 1034 739 1086 clementia
752 1042 831 1088 tenta
845 1042 896 1104 est,
926 1032 929 1037 ’

254 1107 290 1154 Ut
306 1101 394 1154 fuerit
409 1111 506 1154 nostro
519 1102 611 1154 lenior
622 1101 672 1155 illa
685 1112 771 1156 metu.

126 1219 129 1229 .
217 1173 281 1227 vita
293 1172 358 1224 data
370 1180 425 1238 est,
439 1172 568 1241 citraque
577 1187 678 1224 necem
691 1181 739 1224 tua
754 1171 880 1225 constitit
892 1170 945 1243 ira,

253 1246 274 1291 Ο
287 1241 432 1310 Princeps,
449 1258 535 1311 parce
549 1240 654 1293 viribus
669 1256 718 1294 use
728 1243 793 1295 tuis.

218 1315 333 1380 Insuper
348 1309 494 1377 accedunt,
511 1319 540 1361 te
552 1327 611 1362 non
628 1309 783 1377 adimente,
800 1318 944 1381 paternae,

150 1383 202 1440 130
252 1382 398 1451 Tanquam
409 1379 466 1431 vita
476 1394 577 1449 parum
591 1381 715 1432 muneris
729 1388 808 1448 esset,
827 1394 902 1450 opes.

218 1450 277 1503 Nec
294 1467 357 1502 mea
370 1449 483 1502 decreto
501 1449 640 1501 damnasti
651 1449 727 1501 iacta
740 1454 871 1503 Senatum

253 1521 311 1572 Nec
323 1535 389 1572 mea
399 1518 503 1571 selecto
516 1518 609 1571 iudice
621 1518 693 1571 iussa
704 1518 772 1591 iuga
786 1527 834 1571 est.

217 1589 353 1641 Tristibus
365 1589 491 1640 invectus
503 1588 609 1654 verbis,
625 1587 666 1640 ita
678 1587 807 1656 Principe
820 1586 946 1660 dignum,

224 1706 231 1723 ,
254 1658 333 1710 Ultus
347 1675 375 1710 es
391 1657 524 1723 offensas,
543 1666 575 1709 ut
587 1654 683 1725 decet,
699 1658 758 1728 ipse
771 1666 844 1710 tuas.

151 1731 201 1789 135
219 1727 312 1794 Adde,
330 1727 406 1797 quod
418 1725 556 1793 edictum,
574 1727 702 1798 quamvis
717 1729 841 1779 immane
853 1726 1011 1796 minaxque,

253 1802 382 1849 Attamen
397 1795 425 1847 in
438 1811 544 1864 poenae
556 1797 672 1849 nomine
686 1795 749 1848 lene
764 1794 825 1848 tuit

219 1867 329 1935 Quippe
339 1864 493 1935 relegatus,
512 1881 569 1917 non
586 1865 662 1918 exsul
675 1865 756 1919 dicor
768 1864 797 1917 in
809 1862 875 1916 illo:

253 1938 395 2004 Parcaque
409 1933 541 1986 furtunae
554 1944 619 1987 sunt
630 1934 694 1987 data
704 1935 791 1987 verba
804 1942 893 1986 meae.

219 2003 303 2060 Nulla
317 2004 432 2074 quidem
442 2019 510 2055 sano
523 2004 637 2076 gravior
648 2005 805 2074 mentisque
817 2001 926 2086 potenti

152 2077 203 2136 140
253 2076 346 2127 Poena
360 2082 416 2140 est,
434 2089 518 2143 quam
529 2081 610 2126 tanto
625 2072 795 2143 displicuisse
807 2086 878 2128 vire.

221 2143 274 2198 Sed
288 2142 360 2195 solet
371 2142 513 2196 interdum
526 2138 589 2195 iieri
623 2134 743 2195 lacebiie
752 2146 872 2195 nutrient
886 2150 889 2159 ⁴
913 2156 916 2161 ⁴

254 2213 334 2265 Nube
345 2212 416 2265 tolet
427 2211 507 2282 pulsa
516 2160 650 2266 candiius
660 2212 702 2264 ire
715 2211 781 2265 dies.

219 2282 283 2339 vidi
298 2299 351 2352 ego
367 2281 521 2351 pampineis
533 2290 678 2334 oneratam
692 2280 793 2333 vitibus
805 2272 924 2347 uitnttm,

255 2355 334 2416 Quae
348 2352 448 2403 iuerat.
458 2349 533 2403 saevi
550 2350 669 2404 fulmine
681 2356 758 2403 tacta
772 2348 851 2402 Iovis.

154 2421 204 2481 145
221 2424 282 2492 Ipse
297 2420 365 2472 licet
379 2436 490 2489 sperare
500 2428 592 2484 vetes3
610 2418 795 2540 sperabimus:
814 2427 899 2488 atque
942 2426 948 2435 “

258 2492 318 2542 Hoc
332 2506 420 2542 unum
435 2489 512 2555 fieri,
530 2498 558 2542 te
571 2507 624 2560 pro
636 2489 752 2557 iibente,
770 2496 870 2557 potest.

221 2563 288 2630 Spes
302 2558 372 2611 mihi
387 2575 490 2630 magua
502 2556 592 2624 subit,
611 2574 677 2611 cum
691 2562 736 2624 te,
753 2556 899 2609 mitissime
913 2550 1053 2620 Princeps:
1128 2624 1129 2629 1

155 2674 158 2677 ,
256 2633 323 2699 Spes
336 2626 420 2695 mihi,
437 2627 555 2697 respicio
569 2642 634 2682 cum
647 2642 710 2680 mea
721 2627 796 2693 tata,
814 2625 898 2678 cadit.

220 2703 260 2753 Ac
275 2697 363 2751 veluti
377 2697 465 2749 ventis
479 2696 648 2769 agitantibus
661 2706 784 2767 aequora
799 2710 856 2748 non
872 2698 915 2748 est

152 2769 205 2831 150
255 2766 384 2839 Aequalis
394 2765 499 2832 rabies,
519 2766 721 2837 continuusque
733 2762 828 2831 furor;

221 2836 276 2890 Sed
287 2836 373 2890 modo
384 2834 543 2902 subsidunt,
561 2832 767 2906 intermissique
779 2833 923 2899 silescunt,¹

255 2905 375 2975 Vimque
388 2915 467 2976 putes
480 2905 543 2957 illos
559 2900 717 2974 deposuisse
732 2918 826 2968 suam3

223 2974 268 3028 Sic
283 2975 402 3040 abeunt,
417 2975 536 3028 redeunt
576 2990 592 3027 e
605 2974 677 3042 mei,
694 2970 858 3043 variantque
871 2968 999 3023 timores:

256 3046 289 3097 Et
303 3060 381 3113 spem
392 3044 522 3113 placandi
554 3052 602 3095 ant
643 3059 658 3095 e
671 3051 833 3113 negantque
846 3039 897 3094 tui.

155 3113 205 3170 155
221 3112 274 3166 Per
287 3116 407 3180 Superos
418 3114 519 3182 igitur,
539 3111 587 3184 qui
621 3120 669 3164 ent
680 3113 733 3165 tibi
744 3111 844 3182 longa,
862 3104 1028 3178 dabuntque,

256 3183 412 3248 Tempora,
429 3184 587 3233 Romanum
601 3181 624 3233 si
637 3182 723 3234 modo
735 3197 841 3233 nomen
855 3186 967 3241 amant3

222 3249 275 3303 Per
288 3246 423 3307 Patriam,
442 3265 511 3318 quae
526 3258 556 3302 te
571 3258 633 3303 tuta
646 3260 673 3303 et
686 3262 785 3304 secura
797 3252 916 3303 Parente
929 3254 982 3311 est;
1126 3290 1127 3301 ,

259 3316 356 3383 Cuius,
374 3325 405 3368 ut
419 3316 448 3367 in
461 3316 581 3386 populo,
598 3337 665 3389 pars
676 3336 728 3392 ego
743 3334 833 3391 nuper
848 3330 940 3380 aranu
1052 3318 1056 3329 '

224 3384 269 3439 Sic
283 3383 348 3453 tibi,
368 3398 450 3455 quem
464 3396 574 3457 semper
583 3386 669 3445 factis
683 3390 833 3459 animoque
846 3382 970 3447 mereris,
