2334 3842
151 268 195 332 ’16
419 268 450 323 e.
473 266 623 322 0v1u11
642 262 856 318 nasonis*

83 448 85 451 v
152 414 204 472 335
220 417 290 467 unte
305 419 467 466 coronatam
476 409 594 478 puppim
605 408 662 459 sine
674 407 739 458 labe
752 407 900 458 iuvencam
951 410 954 413 “

234 514 239 521 ·
256 485 421 548 Mactarunt,
439 497 555 547 operum
568 478 747 546 coniugiique
760 474 869 527 rudem.
888 512 893 525 .

221 554 269 606 Est
281 552 371 615 locus,
386 553 415 601 in
426 548 539 600 Tiberin
554 564 609 615 qua
621 545 744 596 lubricus
757 543 850 595 influit
864 543 960 611 Almo,

257 623 290 672 Et
301 636 405 670 nomen
417 633 518 686 magno
534 615 628 684 perdit
642 616 677 666 ah
693 630 776 665 amne
789 613 892 667 minor.

220 688 282 741 Illic
294 703 435 756 purpurea
446 702 531 737 canus
544 702 609 736 cum
621 693 696 735 reste
714 682 842 734 sacerdos
903 716 906 725 ,

152 758 206 816 840
256 757 380 808 Almonis
392 755 537 806 Dominam
548 769 682 820 sacraque
694 752 763 802 lavit
777 750 865 819 aquis.

222 824 369 878 Exululant
382 824 506 887 comites,
522 822 682 890 fmiosaqne
698 821 767 872 tibia
778 820 878 883 flatum

154 954 156 957 ,
257 898 290 945 Et
302 893 408 945 feriunt
419 892 517 944 molles
528 900 626 942 taurea
637 900 717 959 terga
729 904 836 942 manus.

222 962 335 1017 Claudia
348 960 491 1030 praecedit
499 960 572 1011 laeto
586 959 770 1010 celeberrima
781 956 870 1022 tulto,

259 1030 368 1084 Credita
378 1031 422 1081 vix
437 1028 552 1081 tandem
565 1037 636 1080 teste
648 1026 750 1095 pudica
762 1027 822 1079 dea.

152 1099 206 1159 845
223 1103 284 1169 Ipsa
294 1099 390 1152 sedens
403 1098 526 1168 plaustro
540 1106 623 1166 porta
638 1105 680 1149 cst
690 1098 802 1147 invecta
811 1096 937 1162 Capena:

258 1173 431 1239 sparguntur
442 1170 552 1219 iunctae
565 1167 638 1217 flore
651 1174 765 1218 recente
779 1165 873 1216 boves.

222 1239 324 1292 Nasica
335 1237 457 1306 accepit:
476 1235 574 1304 templi
589 1244 658 1286 tunc
670 1234 760 1286 extitit
777 1242 883 1286 auctor.

142 1346 145 1350 ι
210 1338 214 1345 x
258 1312 396 1387 Augustus
410 1323 486 1357 nunc
503 1312 558 1356 est:
576 1312 641 1355 ante
657 1303 783 1355 Metellus
798 1311 867 1355 erat.

223 1376 351 1429 Substitit
362 1374 408 1427 hic
420 1378 512 1428 Erato.
538 1375 618 1425 Mora
631 1372 675 1436 sit,
692 1372 714 1423 si
728 1380 840 1424 caetera
852 1386 995 1440 qiiaerem.
1008 1370 1013 1376 ’

154 1445 208 1504 850
258 1445 318 1511 Dic,
335 1445 459 1521 inquam,
476 1460 562 1512 parva
576 1459 626 1494 cur
638 1441 708 1509 stipe
723 1449 839 1509 quaerat
852 1439 939 1507 opes?
1023 1468 1026 1475 ι

134 1531 145 1585 '⁴
225 1513 348 1566 Contulit
360 1530 406 1564 aes
416 1512 547 1582 populus,
567 1510 602 1562 de
619 1527 675 1579 quo
688 1510 804 1561 delubra
817 1508 947 1560 Metellus

135 1588 151 1650 ’ζ
257 1583 342 1645 Fecit,
360 1582 408 1635 ait.
435 1580 546 1631 Dandae
558 1596 619 1630 mos
634 1579 712 1646 stipis
726 1578 910 1630 indemanet.

139 1680 144 1690 ι
225 1651 280 1703 Cur
293 1650 399 1703 vicibus
412 1649 494 1701 factis
508 1649 604 1699 ineant
616 1648 751 1712 convivia,
770 1664 884 1716 quaero,

257 1722 331 1771 Tum
345 1719 442 1789 magis,
459 1716 578 1768 indictas
594 1715 845 1796 concelebrentque
862 1715 954 1782 dapes.

154 1785 207 1850 865
225 1788 307 1853 Quod
321 1787 392 1839 bene
407 1785 632 1837 mutaritsedem
646 1785 833 1853 Berecynthia,
852 1784 931 1852 dixit,

259 1858 375 1924 captant
389 1853 501 1907 mutatis
515 1854 626 1905 sedibus
641 1871 722 1905 omen
735 1855 820 1907 idem.
897 1886 898 1891 =

224 1926 390 1990 Institeram,
409 1940 495 1993 quare
506 1923 591 1991 primi
604 1922 750 1993 Megalesia
759 1922 820 1973 ludi

262 1994 335 2045 Urbe
347 1994 441 2046 forent
453 2000 562 2044 nostra:
580 2009 644 2043 cum
661 1992 721 2057 dea,
740 1993 824 2044 sensit
836 1989 922 2057 enim,

225 2061 277 2115 Illa
289 2061 363 2127 deos,
381 2062 480 2131 iuquit,
497 2063 614 2130 peperit.
632 2063 744 2113 Gessere
760 2060 880 2140 parenti,

156 2130 210 2190 860
261 2131 429 2200 Principium
451 2146 485 2181 ne
499 2130 555 2181 dati
568 2132 657 2181 Mater
671 2130 784 2181 honoris
798 2129 892 2182 habet.
984 2144 988 2149 ’

175 2266 182 2273 ¹
226 2203 281 2254 Cur
292 2200 378 2270 igitur
391 2149 493 2264 Gallos,
510 2200 559 2268 qui
574 2215 603 2249 se
620 2199 755 2263 excidere,
773 2213 913 2261 vocamus,

260 2272 329 2321 Cum
341 2278 419 2321 tanto
435 2269 553 2337 Phrygia
561 2268 673 2320 'Gallica
687 2267 770 2319 distet
781 2265 904 2319 humusl

225 2339 309 2405 Inter,
328 2339 375 2404 ait,
391 2339 508 2390 viridem
520 2337 640 2404 Cybelen
652 2336 777 2407 altasque
791 2338 922 2389 Celaenas

260 2408 354 2459 Amnis
370 2408 392 2458 it
403 2407 508 2470 insana,
526 2407 640 2458 nomine
659 2405 763 2470 Gallus,
781 2422 862 2474 eque.

156 2475 209 2533 366
227 2477 279 2540 Qui
295 2477 366 2527 bibit
377 2475 452 2541 inde,
469 2474 548 2527 furit.
571 2475 673 2527 Procul
687 2474 753 2527 hinc
765 2473 906 2539 discedite,
926 2475 989 2544 qius
1001 2480 1043 2526 est
1099 2510 1103 2521 ,

264 2546 335 2596 Cura
346 2545 437 2597 bonae
452 2544 568 2595 mentis:
588 2543 719 2611 quibibit
733 2544 808 2609 inde,
826 2543 905 2595 furit.
1016 2606 1021 2609 Α

226 2615 290 2668 Non
302 2612 388 2682 pudet
399 2613 559 2675 herbosum,
579 2612 644 2676 dixi,
661 2613 782 2681 posuisse
794 2621 937 2667 moretum

258 2687 290 2735 In
302 2683 437 2735 Dominae
450 2681 567 2734 mensis?
585 2699 621 2732 an
637 2698 686 2733 sua
700 2696 782 2733 causa
794 2682 907 2734 subest?

225 2754 310 2805 Lacte
323 2769 400 2804 mero
413 2761 519 2804 veteres
533 2750 576 2803 usi
589 2759 791 2817 memorantur,
811 2759 840 2803 et
850 2748 955 2819 herbis,

158 2821 211 2876 870
262 2826 365 2889 Sponte
378 2839 427 2873 sua
440 2821 463 2872 si
475 2820 542 2889 quas
553 2830 631 2871 terra
644 2820 763 2885 ferebat,
782 2819 830 2875 eit.

227 2890 363 2943 Candidus
375 2891 459 2943 elisee
473 2890 608 2941 miscetur
622 2905 716 2943 caseus
727 2888 847 2954 herhae5

263 2962 417 3030 Cognoscat
425 2959 530 3029 priscos
540 2967 571 3009 ut
586 2957 637 3009 dea
650 2959 742 3027 prisca
752 2958 838 3014 cibos.

227 3041 351 3114 Postera
364 3076 429 3115 cum
441 3063 520 3114 coelo
534 3060 618 3113 motis
631 3060 777 3112 Pallantias
790 3059 871 3112 astris

262 3132 394 3196 Fulserit3
414 3139 442 3181 et
454 3132 549 3183 niveos
561 3134 640 3182 Luna
654 3129 754 3181 levarit
766 3146 864 3199 equos3

158 3198 211 3255 875
230 3199 284 3265 Qui
300 3199 383 3263 dicet,
403 3199 550 3261 Quondam
564 3207 671 3251 sacrata
682 3208 724 3251 est
739 3198 811 3251 colle
826 3196 935 3263 Quirini

262 3272 321 3320 Hac
333 3271 456 3320 Fortuna
469 3267 513 3319 die
522 3269 654 3332 Publica;
671 3285 753 3320 verus
767 3268 828 3324 erit.
972 3268 977 3277 '

228 3349 334 3423 Tertia
347 3370 404 3438 lux,
422 3370 547 3438 memini,
564 3371 639 3425 ludis
651 3380 719 3427 erat.
743 3374 778 3425 At
790 3369 860 3425 mihi
872 3338 996 3445 quidam,
