2334 3842
115 259 180 354 292
359 261 371 348 Ἰ
390 259 594 316 1³.-'0v1n11
612 258 798 338 Nasouls

220 407 276 460 Ter
292 406 359 459 licet
370 401 473 476 epotet,
490 415 536 460 ter
547 405 701 460 vomatssla
719 405 835 462 fretum.

186 477 241 541 Qui
258 485 427 546 quamquam
438 477 533 528 dextra
545 477 660 547 regione
676 475 803 528 licentius
817 480 911 528 errant
916 490 927 539 ;

135 545 170 603 80
221 550 355 600 socruum
368 545 440 596 latus
453 545 507 597 hoc
519 554 682 597 nontamen
696 557 753 596 esse
766 545 869 596 sinunt.
912 599 914 608 Α
981 550 984 556 ’

185 615 238 668 Hic
251 615 309 685 agri
322 614 474 679 infrendes,
491 614 537 666 hic
547 614 655 682 spicula
671 614 760 666 tincta
770 614 898 665 venenis:
937 645 940 652 ·

220 684 273 735 Hic
296 682 432 735 freteval
445 682 532 751 pediti
553 683 648 751 pervia
661 682 754 734 reddit
766 682 871 734 hiems:

185 756 232 819 ut,
249 768 304 822 qua
312 769 404 803 remus
415 752 470 803 iter
480 751 564 821 pulsis
577 752 663 804 modo
677 751 785 803 fecerat
799 749 889 817 undis,

223 821 319 873 Siccus
335 828 478 873 contemta
498 838 567 873 nave
584 824 677 884 viator
685 830 740 875 eat.

134 888 170 945 8⁵
187 890 241 956 Qui
254 888 368 941 veniunt
377 889 468 953 istinc,
486 891 530 942 vix
542 908 591 942 vos
607 907 640 942 ea
660 889 780 941 credere
800 887 905 944 dicunt·

222 962 312 1021 Quam
326 958 412 1010 miser
433 967 481 1025 est,
506 958 552 1028 qui
565 959 623 1011 fert
636 959 776 1027 asperiora
789 957 845 1009 fide
855 957 867 1009 l‘

186 1027 273 1080 Crede
283 1037 394 1079 tamen:
419 1046 472 1080 nec
484 1036 513 1079 te
528 1045 622 1080 causas
633 1028 740 1079 nescire
753 1027 884 1092 sinemus,

219 1096 340 1148 Horrida
350 1098 534 1149 Sarmaticum
548 1113 599 1149 cur
610 1112 686 1149 mare
702 1095 783 1147 duret
796 1094 895 1147 hiems.

61 1231 64 1235 Δ
184 1164 313 1217 Proxima
329 1175 393 1218 suut
405 1167 484 1218 nobis
494 1166 613 1235 plaustri
628 1165 789 1235 praebentia
803 1164 936 1232 formam,

134 1231 171 1292 40
220 1236 254 1294 Et
268 1251 339 1304 quae
351 1236 533 1304 praecipuum
546 1235 638 1287 sidera
660 1235 748 1304 frigus
762 1231 876 1287 hahent.

185 1302 257 1355 Hinc
271 1304 362 1355 oritur
382 1307 490 1371 Boreas,
515 1321 636 1374 oraeque
649 1303 816 1356 domesticus
829 1300 895 1353 huic
910 1306 960 1365 est,

223 1376 257 1423 Et
269 1372 355 1424 sumit
368 1372 439 1425 vires
454 1373 611 1442 apropiore
623 1373 698 1425 loco.¹

188 1443 331 1507 At-Notus‚
350 1441 465 1494 adverso
478 1443 604 1511 tepidum
628 1442 675 1511 qui
690 1440 777 1510 spirat
792 1439 827 1491 ab
841 1455 900 1508 axe,

161 1526 164 1532 ’
221 1513 268 1561 Est
279 1511 397 1578 procul;
421 1520 449 1563 et
460 1528 540 1563 rarus
553 1511 767 1582 languidiorque
781 1508 865 1561 venit.

135 1579 171 1635 46
187 1577 264 1630 Adde
277 1578 351 1648 quod
372 1579 419 1632 hic
435 1580 527 1632 clauso
548 1580 702 1631 miscentur
720 1577 839 1630 flumina
849 1580 948 1643 Ponto,

223 1649 342 1717 Vimque
357 1649 462 1701 fretum
477 1649 566 1701 multo
578 1648 671 1717 perdit
684 1648 720 1700 ab
733 1665 815 1698 amne
827 1662 916 1698 suam.

186 1719 248 1769 Huc
255 1720 352 1784 Lycus,
364 1718 418 1770 huc
426 1719 541 1789 Sagaris,
561 1718 724 1787 Peniusque,
732 1716 916 1786 Hypanisque,
924 1715 1080 1787 Cretesque

222 1786 318 1837 influit
331 1795 359 1836 et
372 1786 470 1839 crebro
485 1788 592 1839 vortice
606 1795 696 1839 tortus
709 1785 805 1855 Halys:
1032 1789 1034 1792 ’

188 1854 404 1924 Partheniusque
430 1873 522 1924 rapax,
541 1864 569 1907 et
581 1856 694 1907 volvens
711 1871 774 1906 saxa
785 1855 909 1925 Cynapes

137 1924 173 1979 50
223 1924 352 1988 Labitur;
376 1932 405 1975 et
420 1925 497 1976 nullo
518 1924 627 1976 tardior
638 1941 720 1976 amne
732 1926 831 1992 Tyras:

188 1993 222 2044 Et
237 1999 278 2056 tu,
303 1991 441 2045 femineae
453 1993 632 2046 Thermodon
652 1993 763 2063 cognite
775 2001 900 2058 turmae;

221 2062 256 2110 Et
267 2062 407 2129 quondam
422 2063 511 2115 Graiis
523 2063 603 2114 Phasi
617 2063 704 2129 petite
723 2060 805 2111 viris:

188 2129 311 2198 Cumque
323 2131 501 2197 Borysthenio
522 2129 718 2200 liquidissimus
733 2145 816 2179 amne
826 2130 969 2199 Dyraspes,

221 2201 255 2248 Et
271 2199 357 2252 tacite
371 2216 507 2271 peragens
521 2200 584 2252 lene
607 2198 763 2251 Melanthus
781 2197 849 2249 iter:

135 2267 171 2322 55
188 2267 297 2335 Quique
318 2267 383 2319 duas
398 2278 495 2336 terras,
512 2269 604 2321 Asiam
617 2268 767 2336 Cadmique
781 2281 909 2318 sororem

222 2340 344 2403 Separat,
363 2346 391 2389 et
405 2355 499 2389 cursus
511 2337 586 2389 inter
597 2347 748 2406 utrumque
761 2336 846 2387 facit:

153 2401 165 2416 '
186 2405 383 2475 Innurnerique
397 2407 454 2472 alii,
473 2423 541 2477 quos
557 2407 632 2458 inter
647 2406 783 2457 maximus
797 2420 894 2457 omnes

223 2474 325 2525 Cedere
339 2476 477 2526 Danubius
500 2476 596 2540 setibi‚
616 2475 685 2540 Nile,
702 2482 795 2544 negat.
876 2474 883 2486 “

189 2542 273 2610 Copia
289 2552 333 2594 tot
349 2543 474 2610 laticum,
494 2561 560 2615 quas
572 2552 664 2615 auget,
682 2542 820 2594 adulterat
830 2540 933 2597 undas:

138 2609 173 2664 60
224 2614 281 2663 Nec
295 2613 401 2680 patitur
412 2614 483 2665 vires
501 2630 607 2693 aequor
622 2613 725 2664 habere
743 2629 813 2664 suas.

190 2681 263 2744 Quin
277 2682 360 2733 etiam
373 2690 470 2752 stagno
480 2681 596 2747 similis,
621 2682 718 2752 pigrae
739 2698 774 2733 ue
786 2678 892 2750 paludi,

226 2751 373 2802 Caeruleus
385 2752 429 2803 vix
441 2759 489 2818 est,
509 2751 678 2820 diluiturque
693 2699 781 2802 color,

188 2819 299 2870 Innatat
312 2821 387 2872 unda
398 2820 472 2874 freto
493 2820 590 2884 dulcis,
617 2819 761 2889 leviorque
774 2817 883 2869 marina
897 2822 951 2887 est,

227 2890 303 2949 Quae
315 2890 462 2959 proprium
477 2889 558 2941 misto
574 2889 608 2940 de
621 2888 678 2940 sale
694 2887 802 2957 pondus
817 2887 911 2938 habet.

140 2952 176 3006 65
192 2956 220 3008 Si
233 2966 313 3036 roget
331 2958 401 3009 haec
416 2959 524 3028 aliquis,
542 2974 594 3010 cur
605 2957 660 3009 sint
671 2965 784 3009 narrata
797 2955 909 3023 Pedoni,

227 3024 333 3085 Quidve
344 3026 422 3095 loqui
447 3027 528 3078 certis
548 3025 649 3078 iuverit
668 3026 720 3078 isto
742 3025 846 3091 modis3

191 3091 312 3158 Detinui,
331 3093 431 3160 dicam,
449 3105 567 3163 tempus,
586 3111 721 3163 curasque
734 3093 833 3146 fefelli.

225 3163 306 3212 Hunc
317 3162 442 3214 fructum
454 3180 584 3233 praesens
599 3164 691 3215 attulit
707 3163 778 3215 hora
789 3160 866 3214 mihi.

192 3227 337 3281 Abfuimus
358 3231 449 3299 solito,
468 3233 534 3285 dum
551 3234 700 3285 scribimus
717 3233 778 3298 ista,'
797 3231 909 3284 dolore:

140 3294 177 3349 70
226 3300 256 3347 ln
271 3296 370 3348 mediis
383 3316 435 3351 nec
455 3318 505 3352 nos
518 3303 651 3352 sensimus
663 3318 721 3353 esse
735 3300 818 3354 Getis.

129 3377 130 3382 ¹
190 3368 225 3415 st
237 3374 276 3433 tu,
296 3383 353 3418 nou
372 3366 475 3430 dubito,
495 3371 697 3424 cumrcarmine
710 3372 815 3424 Thesea
829 3366 936 3436 laudes,
