2334 3842
174 240 906 310 urrsr.errouroc1e.1r.re.v111.
952 249 1016 319 253
1110 232 1113 244 '

65 387 99 440 Et
110 395 168 453 tna,
176 386 210 468 ⁸ai
220 386 263 469 fas
275 396 325 455 eat,
344 390 492 470 ecaerare
504 392 631 472 proxime
643 395 752 463 Caesar,

98 460 219 510 Numina
230 465 285 510 arnt
296 459 426 526 preorbue
437 477 493 511 non
502 461 617 514 munica
628 464 707 518 meis.

64 525 109 578 Sic
121 525 184 577 fera
196 526 405 646 quamprimum
416 528 514 597 pavido
529 532 678 586 Germania
689 534 769 588 vultu

95 598 168 646 Ante
179 596 284 664 triump
305 605 383 648 entes
394 612 473 648 serve
487 596 597 651 feratur
611 618 704 671 equos.
782 619 785 624 ·

64 661 108 715 Sic
120 672 202 743 pater
214 662 243 715 in
253 664 353 733 Pylios,
371 667 504 718 Cumaeos
515 676 606 720 mater
618 671 648 722 in
660 688 748 725 annos

96 734 211 797 Vivant3
230 741 258 786 et
268 734 354 801 possis
367 733 440 786 filius
456 751 514 798 esee
529 736 585 792 diu.

63 801 104 853 Tu
120 817 241 871 quoque,
259 803 423 854 conveniens
434 803 542 873 ingenti
552 815 640 874 nupta
651 808 764 878 marito,

93 870 197 950 Accipe
208 887 265 921 non
279 870 348 923 dura
362 871 495 940 supplicis
505 889 571 927 eure
583 892 688 943 preces.

63 937 107 991 Sic
120 939 174 990 tihr
185 939 228 990 vir
241 956 344 1019 sospes,
361 940 470 993 sierint
485 959 550 993 cum
563 944 644 1012 prole
657 955 782 1014 nepotes,

94 1010 220 1077 Cumque
229 1008 308 1060 bonis
319 1009 435 1064 nuribus
450 1027 516 1079 quas
528 1028 663 1080 peperere
679 1030 776 1068 nurus.

62 1077 114 1142 sic,
133 1093 217 1147 quem
230 1076 290 1130 dire
303 1078 355 1131 tibi
366 1078 461 1147 rapuit
473 1081 628 1141 Germania,
644 1084 748 1136 Drusus

91 1149 160 1200 Pars
172 1145 259 1198 fuerit
269 1156 365 1215 partus
378 1146 436 1200 solu
452 1147 558 1200 caduca
573 1150 624 1202 tui.

62 1215 105 1268 Sic
116 1215 170 1267 tibi
181 1214 299 1267 fraterni
310 1225 421 1268 mature
435 1216 541 1270 funeris
554 1218 632 1270 ultor

93 1286 249 1351 Purpureus
258 1284 346 1336 niveis
356 1285 430 1337 filius
442 1286 525 1338 instet
539 1287 626 1357 equis.
679 1348 684 1356 Ι

60 1353 180 1408 annuite
197 1352 338 1419 otimidia‚
355 1354 500 1406 mitissima
509 1357 634 1421 nurnine,
657 1358 739 1411 votis.

92 1420 254 1474 Praesentes
266 1421 373 1491 aliquid
386 1423 476 1491 prosit
488 1423 593 1477 habere
609 1425 683 1479 deos.

61 1490 182 1543 Caesaris
192 1490 312 1542 adventu
325 1499 386 1543 tota
397 1491 536 1562 gladiator
550 1511 636 1545 arena

91 1559 170 1623 Exin
189 1568 218 1612 et
233 1559 367 1612 auxilium
380 1577 439 1613 non
453 1561 516 1614 leve
529 1563 621 1615 vultus
633 1563 728 1620 habet.
792 1587 793 1590 ¹

60 1629 115 1682 Nos
130 1645 252 1699 quoque,
267 1638 367 1696 vestra,
379 1629 463 1696 iuvet,
478 1631 561 1701 quod,
575 1648 631 1701 que
642 1633 718 1699 licet,
731 1648 782 1688 ora
793 1633 917 1692 videram
926 1653 942 1699 ε,

92 1702 198 1750 Intrate
209 1707 250 1750 est
263 1698 373 1770 Superis
387 1700 462 1778 quod
474 1702 572 1752 domus
584 1718 642 1754 una
651 1701 752 1757 tribus.

60 1766 164 1819 Felices
179 1766 229 1832 illi,
247 1769 295 1836 qui
307 1785 364 1819 non
377 1769 535 1834 simulacre,
547 1770 596 1821 aed
606 1771 688 1839 ipsos,

19 1839 21 1842 ’
92 1835 204 1906 Quique
217 1836 302 1889 deum
317 1851 412 1892 coram
425 1855 546 1906 corpora
557 1856 625 1890 vera
637 1840 742 1896 vident.

61 1905 140 1969 Quod
158 1905 290 1974 quoniam
302 1905 383 1958 nobis
395 1903 493 1958 invidit
507 1908 607 1960 inutile
617 1909 724 1974 fatum3

19 1977 20 1982 ’
54 2016 55 2019 ,
93 1977 169 2038 Quos
185 1974 262 2026 dedit
275 1974 411 2039 arevotie,
429 1976 604 2046 effigiemque
619 1979 692 2030 colo.

60 2042 102 2095 sie
117 2041 243 2095 homines
256 2059 360 2095 novere
371 2043 447 2111 deos,
466 2062 535 2114 quos
545 2046 647 2097 arduus
659 2046 756 2099 aether

93 2112 216 2164 Occulit:
235 2120 264 2166 et
278 2111 381 2165 colitur
388 2128 443 2179 pro
454 2117 518 2164 Iove
530 2114 625 2165 forma
636 2117 716 2167 Iovis.

60 2179 193 2251 Denique,
211 2197 283 2251 quoe
299 2179 411 2233 mecum
423 2190 473 2247 est,
493 2182 588 2233 eterit
602 2182 739 2251 sirenue,
757 2194 863 2255 cavete,

91 2252 133 2302 Ne
144 2250 179 2302 sit
189 2250 218 2302 in
232 2249 319 2302 inviso
329 2257 421 2301 vestre
431 2250 522 2319 figura
531 2251 606 2304 loco.

61 2319 129 2370 Nam
144 2328 230 2387 caput
242 2336 258 2371 e
272 2326 366 2370 nostra
377 2317 460 2370 citius
473 2319 582 2372 cervice
593 2319 716 2389 recedet,

92 2391 126 2440 Et
136 2387 228 2457 patiar
238 2387 319 2444 foreis
332 2387 430 2439 lumen
445 2388 522 2441 abire
535 2388 628 2460 genis3

62 2458 149 2521 Quam
160 2474 273 2509 caream
282 2456 377 2526 raptis,
395 2474 412 2510 o
425 2457 537 2525 publica
549 2458 673 2524 numina,
690 2457 778 2512 vobis.

92 2528 147 2579 Vos
159 2525 237 2579 eritis
250 2535 362 2577 nostrae
378 2534 474 2595 portus
489 2536 518 2579 et
529 2545 577 2579 era
592 2527 684 2597 fugae.

60 2598 180 2666 vosego
198 2594 379 2663 complectar,
398 2596 501 2648 Geticis
516 2597 539 2648 si
557 2597 654 2667 cingar
668 2596 703 2649 ab
717 2595 817 2650 armis:

91 2666 202 2735 Vosque
213 2659 290 2715 meas
302 2663 416 2734 aquilas,
431 2683 480 2717 voe
495 2682 559 2718 mea
572 2666 651 2736 signa
666 2681 774 2734 sequar.
802 2687 807 2696 ·

61 2733 112 2784 Aut
124 2749 175 2804 ego
188 2749 234 2785 me
248 2731 326 2797 fallo,
344 2733 484 2802 nimiaque
497 2735 626 2802 cupidine
638 2734 736 2787 ludor:
774 2747 777 2752 ·

92 2806 146 2854 Aut
158 2819 219 2882 apes
234 2800 321 2855 exsilii
333 2801 532 2854 commodioris
543 2803 630 2855 adest.

61 2870 129 2923 Nam
143 2888 235 2924 minus
246 2880 274 2923 et
285 2870 376 2921 minus
391 2879 432 2922 est
445 2870 532 2923 facies
547 2872 577 2923 in
589 2870 713 2941 imagine
724 2869 826 2938 tristia

92 2940 211 3010 Visaque
223 2946 288 2991 sunt
302 2939 383 2992 dictis
393 2956 516 2992 annuere
529 2956 578 2991 ore
595 2940 672 2991 meis.

61 3010 130 3064 Vera
142 3025 243 3077 precor
258 3008 327 3064 fiant
338 3007 453 3060 timidae
464 3009 608 3079 praesagia
617 3006 731 3061 mentis:

92 3080 222 3148 luctaque
236 3075 359 3148 quamvis
374 3086 422 3146 est,
441 3077 477 3130 ait
488 3078 582 3130 minor
595 3078 638 3130 ira
651 3075 705 3130 dei.
