2334 3842
155 235 219 308 aas
423 238 846 298 aov1o11u-asours
916 299 919 306 ,.

368 380 779 460 EPISATOLA
827 384 900 454 XV;

395 520 574 572 saxro
612 522 872 575 roureio.

225 624 267 709 Si
281 656 341 725 quis
354 654 444 707 adbuc
455 672 573 725 usquam
586 656 678 708 nostri
690 673 747 708 non
759 655 912 709 immemor
925 666 1010 727 extat,

258 726 363 788 Quidve
378 724 516 798 relegatus
531 729 621 790 Naso,
639 726 772 795 requirit,
790 743 888 795 agam3

222 795 381 846 Caesaribus
392 794 492 858 vitam,
513 798 594 846 Sexto
608 793 708 847 debere
720 794 839 847 salutem
878 795 882 806 ¹

260 866 305 914 Me
320 863 398 938 sciat.
432 867 455 914 A
470 864 580 931 Superis
593 863 640 917 bic
654 864 721 914 mihi
736 864 843 931 primus
858 864 918 917 erit.

189 933 207 988 5
223 933 360 1000 Tempora
374 948 439 983 nam
454 933 571 985 miserae
584 932 759 1000 complectar
772 942 805 984 ut
818 935 915 986 omnia
928 933 1016 999 vitan
1066 937 1069 950 '

257 1006 280 1052 Α
293 1001 400 1052 meritis
410 1002 467 1052 eius
479 1019 544 1069 pars
557 1001 628 1053 mihi
641 1001 719 1053 nulla
728 1011 824 1065 vacat;

180 1097 182 1104 v
214 1072 299 1134 *Quae
312 1087 430 1122 numero
447 1079 490 1122 tot
503 1079 579 1135 sunt,
598 1079 666 1139 quot
680 1070 709 1122 iu
723 1072 806 1124 horto
819 1071 920 1126 fertilis
931 1071 991 1123 arvi

112 1139 114 1150 ⁴
215 1135 218 1148 ¹
257 1139 360 1191 Punica
375 1140 425 1192 sub
440 1139 518 1192 lento
528 1140 638 1192 'cortice
655 1157 742 1209 grana
755 1141 873 1192 rubent:

214 1207 315 1261 ,Africa
328 1218 398 1278 quot
412 1217 532 1279 segetes,
552 1218 622 1279 quot
637 1210 745 1260 Tmolia
757 1218 836 1261 terra
848 1224 985 1273 racemos,

171 1280 206 1334 10
257 1280 331 1340 Quot
348 1277 449 1345 Sicyon
464 1277 580 1338 baccas,
601 1286 669 1347 quot
683 1279 757 1346 parit
772 1278 862 1345 Hybla
873 1280 960 1332 favos.

222 1345 374 1399 Confiteor:
393 1356 494 1398 testere
506 1346 588 1399 licet:
606 1347 712 1417 signate
725 1348 853 1410 Quirites.

179 1437 182 1448 =
213 1439 218 1446 ·
255 1415 301 1467 Nil
315 1433 382 1484 opus
397 1424 438 1466 est
451 1415 547 1486 legum
558 1416 675 1468 viribus:
694 1416 753 1484 ipse
770 1416 880 1486 loquor.

220 1487 297 1537 Inter
310 1502 375 1553 opes
387 1493 414 1536 et
425 1502 487 1551 me,
502 1501 564 1537 rem
577 1502 707 1554 parvam,
724 1503 798 1554 pone
808 1495 949 1555 paternas.

253 1555 319 1604 Pars
335 1570 386 1623 ego
400 1554 453 1606 sim
464 1571 561 1606 census
576 1557 820 1623 quantulacunque
835 1555 886 1607 tui.

170 1620 204 1675 15
221 1624 313 1687 Quam
325 1631 374 1673 tua
386 1623 532 1677 Trinacria
545 1632 602 1690 est,
619 1633 790 1693 regnataque
804 1633 881 1677 terra
891 1625 1023 1696 Philippo,

255 1695 344 1754 Quam
359 1691 457 1745 domus
470 1698 510 1743 Au
531 1701 592 1744 usto
608 1693 771 1744 continuata
783 1696 871 1759 Βοῖος

221 1762 313 1824 Quam
323 1769 387 1822 tua,
404 1778 451 1811 rus
464 1712 551 1812 0015ss
566 1762 687 1827 domini,
705 1762 868 1832 Campania,
885 1772 1005 1833 gratum,
1026 1790 1028 1792 ·

257 1832 390 1897 Quaeque
405 1829 506 1882 relicta
519 1830 586 1896 tibi,
603 1835 700 1896 Sexte,
717 1831 762 1883 vel
777 1840 852 1883 emta
863 1841 958 1885 tenes:
1009 1855 1010 1858 ¹

220 1898 289 1948 Tam
302 1905 366 1948 tuus
380 1914 415 1948 err
432 1915 483 1967 ego
499 1915 575 1962 sum3
594 1899 672 1951 cuius
686 1908 714 1950 te
727 1918 844 1953 munere
856 1900 931 1954 tristi

167 1966 203 2020 20
255 1968 318 2018 Non
332 1974 410 2034 potes
423 1966 453 2018 in
466 1970 555 2020 Ponto
570 1967 663 2021 dicere
676 1967 781 2020 habere
796 1969 875 2021 nihil,
890 1972 892 1975 ’

183 2075 187 2083 .
220 2040 310 2104 Atque
323 2035 430 2087 utinam
441 2036 543 2103 possis,
562 2046 591 2088 et
604 2037 686 2096 detur¹
700 2046 816 2090 amicius
830 2055 946 2105 arvum,-

256 2106 380 2174 Itemque
392 2112 472 2156 tuam
484 2122 571 2173 ponas
583 2105 613 2157 in
626 2106 743 2158 meliore
756 2107 836 2160 loeo!
878 2125 880 2130 ’

219 2173 301 2237 Quod
315 2172 447 2243 quoniam
460 2172 490 2225 iu
504 2174 544 2225 dis
562 2183 618 2241 est,
635 2184 713 2227 tenta
723 2175 811 2229 lenire
824 2176 966 2245 precando

252 2244 387 2309 Numina,
406 2251 541 2312 perpetua
558 2261 630 2313 quae
643 2245 747 2312 pietate
762 2245 839 2299 colis.

166 2310 201 2367 25
217 2311 324 2364 Erroris
335 2329 401 2363 nam
414 2321 460 2376 tu,
478 2312 523 2364 vix
538 2323 580 2365 est
593 2313 766 2377 discernere,
784 2313 874 2367 nostri

253 2380 293 2431 Sis
307 2390 504 2451 argumentum
517 2382 622 2449 maius,
639 2400 674 2433 an
691 2382 832 2437 auxilium.

218 2451 277 2503 Nes
290 2449 417 2501 dubitans
430 2468 495 2503 oro:
513 2450 562 2502 sed
572 2451 689 2503 flumine
701 2469 784 2520 saepe
797 2450 922 2506 secundo

252 2522 377 2589 Augetur
389 2520 474 2571 remis
488 2537 584 2572 cursus
597 2521 687 2573 euntis
702 2537 800 2589 aquae.

216 2588 250 2639 Et
265 2588 365 2656 pudet,
385 2596 413 2639 et
425 2596 536 2654 metuo,
555 2606 721 2659 semperque
737 2590 889 2661 eademque
901 2589 1020 2661 precari;

164 2655 201 2710 30
251 2660 292 2708 Ne
302 2657 419 2712 subeant
431 2657 524 2710 animo
538 2659 631 2710 taedia
642 2658 714 2711 iusta
725 2668 783 2717 tuo.

218 2728 324 2779 Verum
340 2726 408 2795 qnid
422 2726 546 2778 faciam?
563 2744 608 2779 res
620 2727 809 2779 immoderata
820 2727 923 2799 cupido
935 2737 984 2784 est.

250 2797 291 2845 Da
303 2795 413 2847 veniam
426 2795 511 2862 vitio,
530 2796 606 2848 mitis
621 2798 727 2863 amice,
745 2814 818 2850 meo.

216 2864 346 2916 Scribere
357 2882 440 2934 saepe
456 2865 532 2917 aliud
548 2866 660 2935 cupiens
674 2865 790 2918 delabor
805 2866 922 2921 eodem:

249 2935 311 3001 Ipsa
321 2932 417 2987 locum
430 2951 481 3004 per
493 2952 522 2987 se
532 2934 627 2986 littera
641 2944 738 2988 nostra
749 2944 839 3005 rogat.

163 2998 199 3056 35
216 3003 270 3053 Seu
281 3010 377 3054 tamen
395 3004 508 3055 effectus
521 3004 652 3056 habitura
666 3013 707 3057 est
719 3006 821 3075 gratim
840 3021 948 3058 seu-me

250 3071 325 3122 Dura
337 3070 415 3123 iubet
426 3073 518 3143 gelido
532 3074 620 3125 Parca
631 3074 682 3125 sub
697 3091 748 3125 axe
762 3090 849 3137 mom

216 3140 332 3207 Semper
347 3140 463 3192 inoblita
476 3151 602 3210 repetam
619 3151 668 3194 tua
680 3159 796 3194 munera
811 3152 923 3196 mente:

250 3208 284 3256 Et
301 3223 364 3258 mea
379 3225 426 3259 me
440 3209 521 3261 tellus
538 3211 632 3263 audiet
646 3229 703 3265 esse
720 3221 810 3264 tuum.

216 3273 318 3325 Audiet
334 3284 362 3326 et
375 3276 459 3350 coelo¹
468 3279 557 3344 posita
576 3288 617 3333 est
631 3297 812 3351 quaecuuque
826 3281 879 3333 rub
891 3279 955 3334 illos

165 3339 201 3395 40
250 3343 360 3395 Transit
370 3352 466 3397 nostra
478 3346 553 3401 feros
565 3353 589 3401 si
602 3351 687 3403 modo
702 3353 780 3403 Musa
793 3353 886 3404 Getas.
