2334 3842
478 252 675 305 IBIS

106 400 193 458 Natus
206 408 239 454 ut
253 398 386 456 Althaeae
397 396 519 452 flammis
535 396 697 450 absentibus
716 398 793 466 arsit,

140 472 184 523 Sic
197 479 261 523 tuus
275 470 402 536 ardescat
411 467 519 537 stipidis
535 467 601 538 igne
619 483 714 537 rogus.

105 542 142 593 Ut
161 556 234 591 nova
244 538 375 591 Phasiaca
385 553 551 607 comprensa
565 544 607 589 est
628 544 718 605 nupta
729 552 843 603 corona,

138 612 230 677 thue
249 617 329 677 pater
343 615 455 676 nuptae,
474 623 596 675 cumque
612 613 728 674 parente
742 605 857 660 domuss

106 681 142 732 Ut
160 694 246 731 cruor
260 675 413 732 Herculeos
428 675 498 729 abiit
516 675 632 727 diffusus
657 676 686 726 in
708 683 802 738 artus;

139 748 261 815 Corpora
272 745 438 815 pestiferum
456 744 497 797 sic
509 754 559 796 tua
568 743 644 795 virus
665 742 737 796 edat.

106 818 166 881 Qua
177 832 228 868 sua
242 814 394 868 Penthiden
421 811 513 884 proles
527 821 568 865 est
587 812 648 864 ulta
658 814 830 885 Lycurgum,

71 945 76 954 ι
137 887 213 936 Haec
224 891 339 946 maneat
357 883 408 935 teli
421 892 450 936 te
464 897 576 952 quoque
587 881 635 949 pla
656 898 672 933 a
693 884 768 935 novi.

104 956 196 1022 thue
210 952 306 1018 Milon,
324 952 413 1005 robur
428 951 561 1004 diducere
581 950 636 1003 iiss'
650 958 782 1015 etentes3

137 1025 196 1075 Neo
231 1022 297 1074 ossis
309 1030 403 1090 captas
417 1019 482 1076 inde
503 1020 612 1073 referre
633 1036 744 1073 manus.

102 1040 319 1161 Muneriluaque
335 1090 392 1143 tuis
406 1088 534 1152 laedaris,
551 1097 584 1139 ut
597 1091 708 1155 Icarus;
732 1088 768 1140 in-
776 1103 860 1160 quem

136 1160 233 1213 Intulit
252 1169 372 1212 armatas
385 1159 463 1211 ebria
474 1158 557 1210 turba
571 1175 679 1211 manus.

102 1230 239 1301 Quodque
252 1229 350 1287 dolore
367 1228 448 1284 necis
458 1227 567 1296 patriae
579 1227 627 1296 pia
638 1225 702 1280 iilia·
720 1225 800 1293 iecit,
849 1255 860 1276 s·

136 1297 254 1351 Vincula
267 1314 320 1367 per
333 1297 427 1367 laquei
438 1296 485 1350 fac
497 1296 550 1352 nbi
582 1304 660 1348 uttur
672 1303 747 1349 eant.
840 1309 843 1316 ·

101 1366 251 1434 obstructo
272 1383 307 1419 ue
321 1367 428 1438 iaqueus
442 1366 554 1438 patiaris
590 1366 594 1376 '
627 1365 765 1429 inetecti,
815 1427 818 1434 Ι

133 1439 173 1504 Ut
184 1385 279 1507 legpillr
295 1452 402 1510 poenae
416 1435 550 1492 cui'dedit
561 1429 623 1505 ipsa
636 1429 746 1504 pareus·
804 1485 807 1490 .

98 1499 177 1558 illius
187 1505 316 1576 exemplo
334 1504 422 1559 violes
438 1503 589 1558 simulacra
596 1504 711 1572 Dianae,

133 1573 239 1628 Aulidis
253 1583 366 1646 aportu
381 1574 431 1646 qui
446 1573 508 1629 leve
525 1573 611 1627 vertit
629 1573 694 1627 iter.

98 1643 307 1713 Naupliadaeve
319 1644 405 1698 modo
417 1643 486 1697 ficto
504 1649 562 1715 pro'
570 1643 689 1696 crimine
700 1658 805 1712 poenas

133 1714 226 1766 Morte
234 1712 310 1767 luas:
327 1730 380 1767 nec
393 1722 422 1766 te
436 1731 495 1767 non
507 1711 642 1766 meruisse
655 1712 739 1765 iuvet.

97 1782 248 1836 Aethalion
260 1782 318 1838 rita
330 1782 501 1854 spoliavitut
519 1778 719 1850 laidiahospes,
742 1815 746 1828 ·
787 1847 793 1861 ὑ

135 1856 226 1919 Quem
236 1869 376 1906 memora
394 1851 480 1906 sacris
493 1868 569 1904 nunc
630 1868 701 1921 oque
725 1848 808 1919 pellat
829 1852 889 1907 Ion.
935 1891 947 1900 .,
1050 1867 1056 1900 s

96 1922 190 1991 thue
197 1911 361 1974 Melanthea
377 1921 500 1974 tenebris
515 1935 532 1974 a
546 1937 596 1974 cae
618 1937 633 1973 e
646 1920 782 1973 latentem

22 2047 24 2051 .
132 1988 261 2041 Prodidit
278 1989 372 2042 officio
388 1988 502 2042 luminis
518 1990 586 2042 orba
596 2006 716 2058 parens3

96 2056 145 2113 aie
154 2065 205 2114 tua
220 2057 353 2111 coniectis
362 2056 506 2111 fodiantur
515 2066 634 2128 pectora
645 2057 724 2111 telis:
778 2065 788 2080 ⁹

132 2126 197 2195 Sic,
213 2144 325 2197 precor,
343 2127 449 2180 auxiliis
462 2127 618 2196 impediare
629 2127 693 2180 tuis.

96 2196 223 2263 Qualise
243 2213 293 2249 uos
309 2203 405 2278 pacto,
428 2214 498 2267 quos
510 2195 594 2317 forti}
607 2187 712 2318 ἔξω
725 2191 859 2250 amittes.
947 2203 949 2206 ’

132 2268 232 2328 heta*
254 2264 441 2336 rygrtrmid03
467 2282 523 2318 nox
538 2265 580 2318 tib
689 2272 744 2317 eat.

95 2335 159 2390 Nec
173 2344 213 2397 tu,
231 2351 317 2405 quam
334 2335 452 2404 Rhesum
463 2351 563 2388 sonmo
575 2332 821 2400 meliore-fruaris,

136 2409 228 2470 Quam
245 2403 361 2457 comites
373 2403 467 2457 Rheso
476 2412 539 2460 tum
559 2404 646 2471 necis,
662 2412 727 2472 ante
739 2402 819 2454 vises

97 2476 140 2527 ut
154 2490 223 2543 quos
239 2469 428 2540 cumhutulu
439 2473 524 2526 morti
537 2471 693 2526 Rhamnete
705 2472 843 2525 dederunt

133 2543 255 2613 Impiger
270 2543 444 2611 Hyrtacides,
461 2542 684 2613 Hyrtacidaeque
699 2543 803 2595 comes‘.

95 2610 295 2680 Gliniadaeque
305 2612 391 2665 modo
404 2611 593 2665 circumdatus
604 2612 714 2684 ignibus
732 2610 802 2664 attis

132 2681 259 2732 Membra
272 2679 346 2733 ieras
364 2680 474 2752 Stygiae
486 2682 683 2735 semicremata
698 2678 762 2735 rati.

94 2751 191 2819 thue
205 2752 292 2804 Remu
304 2766 399 2806 muros
410 2768 477 2820 auso
491 2751 608 2804 transire
624 2758 760 2815 recentes,

132 2819 222 2871 Noxia
230 2818 285 2869 sint
297 2820 382 2888 capiti
393 2820 499 2873 mastica
510 2820 568 2874 tela
578 2829 638 2872 tuo.

91 2886 224 2958 Denique
235 2890 400 2941 Sarmaticas
412 2889 485 2941 inter
498 2889 663 2959 Geticasque
675 2886 801 2958 sagittat,

131 2957 180 3010 His
189 2973 294 3026 precor
307 2958 434 3025 utrium,
465 2965 494 3010 et
505 2960 628 3011 moriare
646 2956 725 3010 locis.
775 3010 777 3014 f

91 3025 175 3080 Haeo
185 3025 237 3078 tibi
249 3026 384 3095 tantisper
397 3026 488 3082 subito
507 3029 562 3080 sint
574 3028 657 3079 missa
671 3025 778 3093 libello,

129 3098 312 3147 Immemores
325 3112 361 3147 ne
378 3113 429 3148 uos
449 3112 506 3150 esse
539 3113 638 3150 usrare
653 3095 703 3152 tui·
720 3123 725 3130 ·
760 3121 765 3139 ¹

89 3165 192 3219 Pauca
207 3163 331 3233 quidem,
348 3164 455 3231 fateor3
490 3115 540 3218 sel

130 3232 374 3303 Multiplicentque
385 3251 436 3286 suo
449 3242 516 3288 uota
527 3235 626 3288 fauore
638 3251 711 3289 mea.
745 3277 749 3282 .

90 3301 249 3357 Postmodo
260 3301 341 3370 plura
351 3301 441 3373 legem
459 3312 488 3355 et
501 3321 606 3356 nomen
618 3302 750 3357 habentia
760 3318 873 3359 ventur:

130 3374 168 3426 Et
184 3369 255 3441 pede
268 3386 324 3444 quo
334 3370 439 3428 debent
452 3372 529 3428 acria
545 3373 622 3426 bella
634 3371 704 3447 geri.

549 3166 577 3220 a
591 3165 658 3218 aene
671 3163 753 3234 plura
772 3163 887 3238 rogatis,
