2334 3842
250 394 286 447 ut
295 393 330 448 da
341 393 485 447 communi
495 409 560 462 pars
573 410 687 464 quoque
699 402 796 447 nostra
806 394 882 448 bono
896 403 947 450 cst.

215 465 321 534 Iupiter
332 463 451 534 ingeniis
461 463 577 532 praebet
589 481 640 516 sua
654 463 770 516 numina
782 473 894 526 vetum3

252 538 341 604 Seque
354 529 491 587 celebrari
502 531 629 601 quolibet
642 549 690 584 ore
702 532 775 587 sinit.

143 658 145 661 ,
218 603 305 656 causa
316 611 366 654 tua
381 600 508 670 exemplo
524 605 694 670 superorum
705 610 767 653 tutu
779 600 901 657 duorum
913 609 971 655 est:

165 672 203 732 20
252 675 379 736 Quorum
391 670 437 727 hic
453 670 639 738 conspicitur,
650 670 775 723 creditur
789 670 838 722 ille
858 669 934 723 deus.

218 743 256 794 Ut
267 756 325 792 non
337 737 489 805 debuerim,
504 746 601 792 temen
613 739 669 792 hoc
685 753 738 811 ego
752 740 860 792 crimen
872 739 990 792 amabo:

251 811 315 862 Non
324 807 380 859 fuit
393 806 610 860 arbitriilittera
622 805 718 862 ndstra
730 809 782 863 tui.

217 877 277 933 Neo
289 892 372 942 nova,
390 875 466 947 quod
480 885 575 929 tenum
588 877 699 947 loquor,
718 887 760 930 est
775 875 880 930 iniuria
891 885 998 943 nostin
1131 862 1133 1013 Ι

244 945 405 1005 ,Incolumis
420 962 485 998 oum
498 962 553 1016 quo
564 963 648 1014 saepe
659 946 770 999 locutus
782 963 876 999 eram.
973 954 978 959 “

166 1014 201 1075 ὗ
218 1017 280 1082 Quo
295 1022 412 1071 vereare
424 1015 525 1083 minus,
543 1031 578 1066 ne
591 1016 645 1067 sim
656 1016 709 1068 tihi
724 1015 832 1068 crimen
846 1014 967 1080 umious;

1132 24 1133 81 l

1132 104 1133 199 l

148 248 212 317 190
417 251 450 310 r.
471 249 624 306 ov1n11
643 247 837 304 ursonis
889 288 896 299 ,
1128 208 1133 464 1

1129 495 1133 539 l

1131 577 1133 611 l

1132 698 1133 733 l

256 1082 400 1149 Invidiam,
417 1084 441 1136 si
455 1101 510 1164 que
526 1093 575 1149 est,
593 1092 695 1138 auctor
705 1084 809 1137 hahere
823 1093 925 1154 potest.

219 1154 292 1208 Nam
303 1161 366 1205 tuus
379 1161 421 1205 est
430 1152 530 1222 primis
542 1152 634 1205 cultus
649 1153 719 1205 mihi
732 1170 843 1224 semper
853 1154 891 1207 ab
904 1152 991 1218 aunis,

254 1225 315 1275 Hoc
328 1221 388 1274 noli
401 1230 478 1275 certe
493 1221 675 1287 dissimulare,
692 1231 787 1292 peter:

150 1353 153 1357 γ
219 1291 421 1362 Ingeniumque
434 1307 539 1358 meum,
555 1300 638 1360 potes
648 1291 702 1343 hoc
715 1290 883 1356 meminisse,
897 1290 1043 1360 probabat:

167 1362 204 1420 30
253 1361 317 1412 Plus
330 1361 423 1422 etiem,
442 1377 526 1430 quam
537 1377 583 1415 me
597 1360 692 1412 iudice
702 1359 803 1431 dignus
817 1377 906 1414 eram.

219 1430 316 1500 Deque
330 1429 400 1481 meis
411 1428 462 1482 illo
473 1429 615 1483 referebat
633 1430 757 1482 versibus
769 1446 828 1496 ore,

249 1499 287 1551 ‘ln
300 1515 356 1568 quo
367 1514 433 1567 pars
448 1497 521 1551 altae
535 1497 689 1551 nobilitatis
702 1507 771 1551 erat.

220 1568 284 1623 Nou
295 1568 382 1638 igitur
392 1566 445 1618 tibi
460 1585 546 1632 nunc,
565 1566 640 1637 quod
652 1583 699 1619 me
712 1566 811 1619 domus
822 1567 875 1620 iste
889 1566 1004 1638 recepit,
1071 1587 1073 1591 ·
1132 1604 1133 1637 ξ

258 1636 311 1689 sed
324 1637 400 1706 prius
410 1636 522 1690 auctori
535 1645 599 1688 suut
612 1635 678 1691 detn
691 1637 780 1689 verba
790 1645 850 1690 tuo.
1055 1641 1057 1644 ’
1131 1642 1133 1675 l

162 1705 204 1767 35
220 1707 280 1760 Nec
297 1704 362 1757 data
374 1713 448 1772 sunt,
465 1703 634 1770 mihicrede,
651 1715 760 1758 tamen:
778 1704 828 1758 sed
840 1706 871 1757 in
883 1703 1011 1758 omnibus
1024 1700 1088 1765 aen,
1132 1762 1133 1771 ἵ

82 1786 89 1797 ’
256 1774 360 1827 Ultima
371 1774 394 1825 si
408 1772 511 1841 demas,
527 1773 587 1827 vitu
598 1774 703 1826 tuenda
716 1791 781 1826 meu
793 1783 843 1826 est.
1132 1780 1133 1785 ’

221 1845 300 1896 Hanc
314 1858 435 1912 quoque,
453 1859 509 1912 que
532 1840 612 1912 perii,
636 1843 749 1912 culpam
761 1842 850 1897 scelus
863 1839 1050 1915 essenegahis,

256 1914 286 1967 si
299 1911 372 1963 tanti
387 1910 471 1963 series
485 1913 521 1964 sit
534 1911 587 1965 tibi
598 1920 668 1965 nota
681 1913 759 1965 moli.

221 1984 276 2033 Aut
287 1981 382 2046 timor,
400 1987 449 2033 aut
460 1980 541 2035 eiror
549 1980 640 2047 nobis,
657 1980 734 2062 prius
747 1979 839 2034 abfuit
849 1996 937 2034 anor.

170 2048 207 2107 40
256 2049 298 2101 Ah
309 2050 368 2101 eine
382 2065 429 2102 me
441 2049 494 2101 fati
506 2067 564 2106 nou
577 2050 738 2105 meminisse
750 2049 822 2104 mei!

220 2120 300 2177 Neve
306 2118 484 2171 retractando
498 2118 624 2172 nondum
640 2118 770 2172 coeuntis
784 2134 916 2190 rumpam
1010 2115 1013 2119 ’

123 2188 125 2192 '
226 2198 227 2204 ’
257 2187 395 2251 Vulnera;
412 2187 458 2240 vix
470 2187 526 2240 illis
536 2187 663 2258 proderit
673 2188 737 2269 ipsu‘
746 2188 833 2258 quies.

220 2258 259 2313 Er
278 2275 295 2310 o
306 2265 339 2310 ut
353 2256 414 2309 iure
426 2256 655 2327 damuspoenam
673 2275 713 2321 sic
728 2256 918 2323 abiuitomne

255 2274 375 2380 {ennato
385 2325 495 2379 facinus
506 2327 711 2397 consiliumque
724 2343 798 2383 meo.

171 2390 206 2454 45
221 2394 254 2449 ld
294 2413 309 2448 e
323 2393 390 2448 deus
401 2396 500 2450 sentit:
516 2412 568 2465 pro
581 2413 638 2466 quo
653 2413 706 2449 nec
718 2397 815 2448 lumen
826 2393 970 2448 edemtum
983 2397 1044 2458 est,¹

254 2412 316 2518 lineo
328 2464 398 2516 mihi
411 2465 550 2518 detractas
562 2465 687 2534 possidet
698 2465 770 2518 alter
779 2481 855 2533 opes.
914 2469 916 2472 ’

168 2532 174 2544 “
222 2533 352 2590 Forsitan
362 2532 435 2586 hanc
447 2534 546 2603 ipsam,
563 2536 638 2587 vivat
649 2535 744 2602 modo,
761 2534 842 2587 finiet
853 2533 931 2600 olim,

180 2667 183 2673 ι
258 2605 395 2672 Tempore
410 2620 476 2656 cum
488 2602 576 2655 fuerit
589 2603 681 2656 lenior
693 2605 745 2671 ira,
763 2603 871 2673 fugem.

223 2674 305 2727 Nunc
319 2671 498 2738 precorhinc
511 2672 566 2725 alio
577 2671 675 2726 iubeat
686 2672 843 2736 discedere,
861 2670 885 2724 si
898 2684 956 2724 non

171 2743 209 2801 50
257 2743 358 2794 Nostra
368 2738 528 2794 verecundo
544 2750 611 2794 vota
620 2741 729 2811 pudore
746 2749 852 2794 carent.

223 2811 316 2864 Mitius
331 2810 465 2879 exsilium,
476 2810 627 2881 peulloque
641 2812 833 2881 propinquius,
851 2815 929 2878 opto,

247 2879 368 2948 ‘Quique
382 2881 418 2931 sit
435 2896 452 2933 a
470 2897 551 2933 saevo
563 2879 674 2951 longius
690 2880 779 2946 hoste,
796 2879 902 2930 locum.

152 3007 155 3013 Ι
193 2974 196 2977 -
225 2949 389 3018 Quantaque
402 2949 432 3001 in
446 2955 568 3020 Augusto
582 2949 742 3015 clementia,
759 2949 783 3000 si
796 2948 857 3018 quis
869 2944 964 3000 abillo

258 3019 319 3069 Hoc
330 3026 439 3085 peteret
471 3035 503 3071 ro
516 3035 570 3084 me,
587 3017 706 3070 forsitan
718 3017 767 3070 ille
783 3016 873 3069 daret
955 3080 960 3087 „

173 3085 208 3144 65
223 3084 336 3155 Frigida
347 3102 394 3138 me
411 3035 545 3140 coliihent
557 3087 654 3139 Euxini
664 3086 762 3139 littora
773 3084 869 3138 Ponti:

74 3158 76 3163 '
259 3154 354 3206 Dictus
372 3154 407 3204 ab
424 3155 544 3225 antiquis
560 3160 668 3207 Axenus
684 3155 732 3207 ille
748 3154 812 3207 fuit.
878 3199 886 3211 ,,

223 3223 296 3277 Nem
309 3237 345 3272 ne
386 3237 401 3272 e
412 3220 554 3276 iactentur
564 3223 718 3277 moderatis
729 3238 852 3293 aequora
864 3221 967 3275 ventis:

259 3290 319 3340 Nec
331 3238 455 3367 plaicidos
468 3301 564 3357 portus
578 3293 690 3362 hospita
701 3294 778 3345 navis
789 3291 857 3345 adit.

225 3359 296 3411 sum
312 3371 389 3410 curce
403 3364 509 3427 gentes,
527 3375 599 3432 quae
608 3362 744 3432 praedam
758 3360 894 3433 sangiune
906 3360 1049 3432 quaerant:
