2334 3842
359 241 610 329 Fastorum
630 242 714 297 LIB.
736 243 785 301 111.

119 394 217 443 Uror:
236 396 265 442 et
275 387 331 441 hoc
341 387 428 460 longo
443 397 571 458 tempore
583 387 682 441 vulnus
696 387 753 443 aiot

77 461 188 524 Effice,
206 459 234 511 dl
246 458 340 510 studio
353 458 456 510 similes
468 461 600 511 codamus
613 459 643 509 in
658 476 755 514 unum.

119 527 301 581 Conveniunt
313 535 406 597 partes
417 528 470 580 hae
483 528 545 594 tihi,
563 528 748 583 comisantis.

79 599 210 651 Dixerat.
228 597 282 649 Illa
296 596 381 649 deum
392 597 530 667 promisso
543 596 615 649 ludit
628 597 722 661 inani3

118 670 156 720 Et
170 667 285 719 stultam
299 665 385 719 dubia
396 683 477 735 spem
486 666 575 718 traliit
585 683 673 736 usque
687 680 778 732 mora,

79 736 204 806 Saepius
216 735 341 802 instanti,
359 736 489 788 Mandata
501 736 672 816 peregimus,
690 736 794 808 inquit:

118 806 232 858 Evictus
245 804 374 874 precibus
384 805 430 857 vix
444 805 522 857 dedu
534 804 586 857 illa
597 822 705 858 manus.

81 872 200 929 Gaudet
209 891 314 940 amans,
330 874 522 944 thalamosque
533 883 622 943 parat.
646 873 801 933 Deducitur
813 874 883 930 illuc
902 873 906 880 ’

119 948 202 996 Anna
216 952 315 1015 tegens
330 943 433 1010 vultus,
449 954 481 996 ut
495 960 570 996 nova
583 952 682 1012 nupta,
699 962 773 996 suos.

81 1013 190 1066 Oscula
201 1018 344 1065 sumturus
356 1013 448 1066 subito
461 1016 534 1065 Mars
549 1012 668 1081 adspicit
681 1018 804 1080 Annam3

117 1085 204 1137 Nunc
216 1080 308 1152 pudor
322 1081 439 1150 elusum,
457 1100 532 1134 nunc
544 1081 621 1134 subit
635 1082 677 1134 ira
691 1082 784 1136 deum.

80 1152 169 1205 Ridet
182 1160 342 1204 amatorem
353 1168 436 1205 carae
448 1168 522 1203 nova
535 1151 604 1202 Diva
616 1153 773 1204 Minervae:

118 1224 181 1274 Nec
196 1238 241 1274 res
257 1221 311 1273 hac
323 1221 425 1274 Veneri
441 1221 551 1291 gratior
560 1220 620 1272 ulla
631 1220 696 1274 fuit.

80 1290 154 1345 Inde
167 1291 226 1343 ioci
238 1299 347 1343 veteres
364 1290 503 1343 obscoena
524 1306 559 1340 ue
579 1288 655 1341 dicta
667 1298 822 1344 canuntm:

117 1363 155 1413 Et
167 1360 245 1413 iurat
258 1359 333 1412 hanc
345 1376 449 1429 magno
464 1375 513 1412 ver
533 1375 550 1409 a
566 1358 672 1410 dedisse
688 1360 751 1411 deo.

79 1430 289 1485 Praeteritum
303 1445 382 1482 eram
396 1427 503 1498 gladios
513 1428 543 1479 in
553 1427 683 1496 Principe
698 1428 785 1493 fixos3

118 1500 191 1552 Cum
202 1498 243 1551 sic
258 1515 276 1550 a
287 1497 371 1550 castis
384 1500 467 1551 Vesta
478 1497 576 1550 locuta
590 1496 680 1549 focis:

80 1569 126 1623 Ne
143 1567 241 1621 dubita
253 1559 429 1620 meminisse:
444 1582 524 1619 meus
536 1566 592 1619 fuit
607 1567 655 1618 ille
668 1564 814 1620 Sacerdos.

118 1637 279 1709 sacrilegae
297 1636 361 1689 telis
374 1652 421 1689 nie
432 1633 539 1706 petiere
551 1653 660 1688 manus.

80 1710 148 1777 lpsa
159 1707 253 1759 virum
268 1706 360 1775 rapui,
377 1706 586 1786 simulacraque
600 1705 676 1757 nuda
688 1704 803 1776 reliqui,

118 1779 198 1841 Quae
213 1774 318 1829 cecidit
328 1774 416 1844 ferro,
435 1778 556 1828 Caesaris
566 1775 669 1827 umhra
680 1774 747 1827 fuit«

48 1856 51 1857 ’
81 1844 136 1899 Ille
151 1845 266 1916 quidem
274 1843 361 1898 coelo
374 1845 480 1914 positus
496 1844 568 1896 Iovis
582 1845 654 1896 atria
667 1852 776 1909 servat3
845 1860 848 1867 Χ

117 1918 152 1968 Et
164 1921 243 1967 tenet
255 1914 285 1966 in
298 1917 401 1984 Magno
413 1911 519 1984 templa
531 1913 624 1966 dicata
636 1917 718 1966 Foro.

81 1988 119 2038 at
136 1988 298 2054 qulcunque
314 1983 394 2035 nefas
406 1985 475 2051 ausi,
492 1983 661 2052 prohibente
678 1983 798 2036 deorum

117 2053 249 2118 Numine,
262 2051 423 2121 polluerant
436 2051 599 2122 pontificale
613 2061 713 2120 capat3

82 2126 175 2177 Morte
190 2123 285 2175 lacent
297 2122 407 2177 merita.
424 2124 520 2174 Testes
532 2129 620 2173 estote
633 2119 770 2190 Phflippi3

117 2195 152 2244 Et
165 2207 288 2262 quorum
300 2191 400 2260 sparsis
413 2191 519 2243 ossibus
530 2189 607 2242 albet
620 2190 730 2259 humus.

82 2264 144 2316 Hoc
157 2277 236 2329 opus,
253 2259 324 2312 haec
338 2260 436 2329 pietas,
453 2260 524 2311 haec
534 2259 628 2328 prima
641 2258 780 2311 elementa
789 2255 905 2311 menne

11 2336 12 2339 ’
117 2330 253 2383 Caesaris:
272 2327 371 2381 ulcisci
383 2329 456 2381 iusta
467 2344 519 2397 per
533 2345 615 2379 arma
628 2336 749 2398 patrem.
990 2325 1043 2381 710

81 2412 205 2488 Postera
217 2449 284 2485 cum
297 2440 408 2484 teneras
422 2435 532 2484 Aurora
545 2429 678 2482 refecerit
690 2426 807 2496 herbam

116 2502 248 2572 Scorpios
258 2518 277 2555 a
290 2501 383 2572 prima
395 2510 475 2571 parte
487 2499 623 2554 videndus
637 2500 700 2553 erit.

83 2584 189 2660 Tertia*
202 2612 270 2674 post
281 2604 345 2656 ldus
357 2602 407 2655 lux
420 2611 462 2656 est
473 2602 659 2656 celeberrima
670 2601 790 2655 Baccho.

116 2673 234 2740 Bacche,
253 2673 317 2726 fave
330 2672 397 2738 vati,
416 2672 484 2724 dum
498 2682 546 2724 tua
560 2672 633 2725 festa
647 2689 727 2726 cano.

83 2743 141 2795 Nec
154 2743 278 2795 referam
292 2741 433 2795 semelen:
453 2740 488 2809 acl
505 2754 592 2812 <stiam
604 2742 658 2794 nisi
670 2740 793 2793 fulmina
804 2752 901 2793 secum
987 2738 1039 2793 715

116 2812 220 2882 Iupiter
235 2812 359 2877 afferret,
376 2828 478 2881 parvus
491 2811 607 2864 inermis
622 2827 700 2863 eras:
730 2842 738 2849 ·

82 2882 151 2947 Nec,
159 2898 229 2950 puer
240 2889 273 2933 ut
287 2896 381 2950 posses
393 2889 504 2932 maturo
519 2873 648 2949 tempore
660 2877 746 2945 nuci,

115 2950 262 3019 Expletum
273 2950 365 3019 patrio
379 2967 413 3002 co
449 2966 499 3001 ore
510 2949 607 3000 matris
621 2964 700 3003 onus.

80 3017 217 3086 Sithonas,
236 3027 264 3071 et
280 3017 422 3087 Scythicos
445 3035 481 3069 on
503 3035 549 3068 um
566 3032 731 3069 enumerare
744 3013 910 3085 triumphos,

115 3090 149 3139 Et
165 3088 284 3141 domitas
295 3097 401 3157 gentes,
418 3034 522 3140 tunila
534 3086 611 3152 Inde,
628 3095 701 3138 tuas.
986 3083 1040 3138 720

81 3158 123 3210 Tu
140 3173 250 3227 quoque
262 3155 411 3209 Thebanae
422 3155 497 3208 mala
511 3155 617 3223 praeda
629 3155 760 3208 tacebere
769 3153 888 3219 matris3

116 3229 202 3295 Inque
216 3234 299 3278 tuum
311 3225 401 3278 Furiis
414 3233 485 3283 acte,
503 3227 640 3294 Lycurge,
658 3241 741 3296 genu.

80 3297 153 3347 Ecce
165 3293 234 3347 libet
247 3294 352 3349 subitos
364 3294 454 3363 pisces
466 3293 667 3363 Tyrrhenaque
679 3301 805 3347 monstra

115 3362 224 3421 Dicere.
258 3363 314 3418 Sed
326 3381 385 3417 non
399 3373 441 3417 est
456 3362 588 3416 carminis
599 3363 680 3417 huius
692 3379 771 3433 opus.

769 3438 829 3492 1²2
