2334 3842
355 191 604 281 snsrouun
629 224 712 279 ma
732 224 770 278 u

116 370 269 436 Montibus,
286 378 315 423 et
325 369 429 422 subitas
441 367 564 423 concitat
573 369 622 422 ille
635 368 720 423 feres.

80 445 145 510 Ipse
159 440 226 491 deus
240 440 333 491 nudus
347 439 436 492 nudos
448 439 526 492 iubet
538 441 581 491 ire
594 439 749 492 ministros:

117 512 179 562 Nee
194 509 259 560 satis
274 509 310 561 ad
322 524 435 560 cursum
451 508 600 561 commoda
614 509 696 560 vestis
712 516 782 560 erat.

79 585 156 632 Ante
171 581 266 629 Iovem
278 578 403 649 genitum
417 587 505 629 terras
522 577 651 630 habuisse
663 578 794 631 feruntur

117 646 256 699 Arcades:
277 655 305 699 et
316 650 394 698 Luna
408 664 475 717 gens
489 647 630 716 prior'illa
644 647 708 702 fuit.

80 718 149 770 Vita
163 716 243 789 ferae
256 716 361 783 similis,
378 716 471 768 nullos
484 717 657 836 agimhhl'er
670 733 749 768 usus:

117 786 195 838 Artis
208 785 300 843 adhuc
317 801 423 855 expers,
442 794 471 836 et
483 786 554 837 rude
614 793 765 856 gaserant.

82 860 141 911 Pro
159 854 289 907 domibus
302 854 416 906 frondes
428 864 538 923 norant,
556 872 609 924 pro
622 855 750 925 fruffl‘bus
761 853 878 909 herbata

118 927 230 979 Nectar
243 932 304 975 erat
316 924 417 992 palmis
430 924 528 977 hausta
541 924 648 976 duabus
662 940 743 993 aqua.

12 1038 13 1041 ,
79 991 188 1050 Nullus
202 992 352 1045 anhelabat
364 994 414 1045 sub
427 993 536 1046 adunco
548 1009 663 1045 vomere
677 1001 787 1047 taurus:

118 1061 207 1117 Nulla
220 1062 270 1114 sub
282 1062 491 1133 imperio'terra
506 1062 624 1116 colentis
640 1070 718 1115 erat:

12 1160 14 1201 3
81 1132 188 1188 Nullus
199 1131 291 1184 adhuc
306 1139 367 1184 erat
379 1148 444 1184 usus
460 1132 539 1201 equi:
557 1148 586 1183 se
600 1130 717 1202 quisque
733 1131 851 1187 ferebat.

12 1206 14 1253 ζ
119 1202 187 1253 Ibat
200 1200 258 1253 ovis
271 1201 336 1252 lana
348 1217 449 1270 corpus
464 1201 567 1252 amicta
580 1218 638 1256 sua.
785 1246 787 1253 .

12 1304 14 1331 ,
83 1272 145 1327 Sub
160 1274 226 1322 Iove
239 1270 385 1334 durabant,
404 1278 433 1321 et
446 1286 568 1339 corpora
579 1270 655 1321 nuda
666 1270 812 1340 gerebant,

12 1400 13 1413 ἵ
121 1343 216 1392 Docta
226 1354 323 1410 graves
336 1339 440 1391 imbres
455 1348 483 1390 et
495 1338 619 1390 tolerare
632 1341 728 1392 Notos.

82 1410 171 1464 Nunc
187 1424 300 1478 quoque
313 1407 416 1460 detecti
427 1408 555 1460 referunt
568 1416 751 1462 monumenta
765 1406 867 1463 vetuti

12 1514 13 1521 η
123 1479 221 1543 Moris,
240 1487 268 1530 et
282 1479 408 1547 antiquas
425 1477 611 1531 testificantur
625 1493 701 1546 opes.

12 1552 13 1603 ζ
84 1547 145 1601 Sed
161 1564 213 1600 cur
223 1546 376 1629 praecipue
386 1545 418 1597 fu
441 1547 447 1557 ’
465 1547 631 1599 tvelamina
645 1549 764 1616 Fuimus,

12 1624 14 1663 ἒ
122 1616 258 1669 Traditur
272 1614 381 1686 antiqui
391 1564 487 1669 fapph
504 1616 588 1685 plena
602 1616 668 1670 ioci.

12 1686 13 1749 Q
84 1689 175 1741 Forte
188 1702 283 1739 comes
297 1685 428 1739 dominae
440 1685 546 1738 iuvenis
558 1685 718 1754 Tirynthius
731 1685 806 1739 ibat:

12 1756 16 1827 J,
125 1755 203 1806 Vidit
218 1755 254 1806 ab
270 1755 378 1808 excelso
391 1758 499 1806 Faunus
512 1765 663 1825 utrumque
678 1756 753 1826 iugo.

12 1884 13 1887 Ἴ
85 1824 179 1890 Vidit,
197 1832 226 1876 et
238 1823 364 1890 incaluit,
381 1827 569 1894 Montemque
582 1825 706 1890 numina,
725 1824 804 1890 dixit,

12 1942 14 1953 ,
124 1893 174 1947 Nil
186 1893 257 1945 mihi
267 1893 411 1945 vobiscum
426 1902 482 1945 est:
500 1893 570 1947 haec
582 1911 662 1945 meus
676 1893 760 1947 ardor
772 1892 836 1948 erit.

12 1964 14 2011 Ϊ
85 1965 153 2018 Ibat
167 1962 292 2015 odoratis
305 1962 437 2014 humeros
451 1963 566 2031 perfusa
581 1963 689 2044 cupillis

12 2070 13 2089 2
125 2032 262 2094 Maeonis,
280 2040 379 2084 aurato
392 2032 589 2103 couspicienda
604 2049 675 2086 sinu.

87 2109 186 2157 Aurea
198 2101 344 2172 pellebant
357 2101 469 2170 rapidos
483 2102 650 2154 umbracula
661 2100 749 2154 soles:

12 2200 14 2207 κ
127 2175 208 2236 Quae
223 2178 320 2223 tamen
333 2169 487 2223 Herculeae
500 2171 656 2223 sustinuere
669 2185 788 2222 manuae

12 2236 14 2317 ᾗ
87 2245 210 2310 Iamque
223 2257 322 2292 nemus
340 2239 449 2305 Bacchi,
466 2239 558 2301 Tmoli
573 2240 675 2306 vineta,
693 2238 817 2307 tenebat,

127 2312 269 2380 Hesperus
286 2319 316 2361 et
324 2309 404 2362 fusco
419 2308 545 2361 roscidus
557 2308 617 2361 ibat
634 2324 715 2378 equo.

12 2440 13 2443 Ἴ
89 2383 182 2432 Antra
195 2379 280 2444 subit,
298 2379 391 2448 tophis
402 2378 590 2459 laqueataque
604 2377 717 2448 pumice
727 2376 801 2431 vivo.

12 2450 14 2473 ¹
129 2448 266 2500 Garrulus
280 2449 310 2500 iu
320 2444 412 2517 primo
426 2447 522 2500 hmine
536 2448 612 2500 rivus
629 2454 697 2500 erat.

12 2534 13 2543 ¹
89 2519 224 2587 Dumque
239 2526 341 2587 parant
356 2517 451 2586 epulas
463 2517 643 2586 potandaque
658 2515 722 2568 vina
732 2512 869 2580 ministri3

12 2640 13 2653 ,
131 2587 254 2639 Gultibus
268 2586 382 2638 Alciden
395 2586 507 2637 instruit
521 2586 570 2638 illa
586 2586 649 2640 suis.
762 2600 764 2603 ’

12 2714 13 2729 ¹
91 2658 149 2707 Dat
160 2665 260 2707 tenues
276 2655 395 2720 tunicas,
414 2655 532 2707 Gaetulo
544 2656 653 2708 murice
668 2654 785 2706 tinctas:

130 2727 185 2776 Dat
195 2731 318 2776 teretem
331 2740 440 2790 zonam,
460 2741 515 2794 qua
526 2725 613 2776 modo
629 2725 723 2776 cincta
735 2721 798 2773 fuit.

12 2828 13 2831 =
90 2795 201 2848 Ventre
220 2795 313 2845 minor
325 2810 396 2844 zona
408 2802 463 2845 est:
476 2793 641 2863 'tunicarum
651 2792 743 2844 vincla
754 2790 871 2856 relaxat,

132 2867 170 2914 Ut
179 2863 266 2932 possit
278 2871 368 2914 vastas
383 2863 534 2914 exseruisse
549 2879 656 2915 manus.

12 2922 14 2935 '
89 2933 232 3001 Fregerat
244 2931 368 2983 armillas
384 2949 440 2983 non
453 2932 502 2983 illa
519 2932 555 2983 ad
569 2930 687 2984 brachia
700 2928 803 2982 factas:

12 3058 13 3065 ἵ
132 3000 313 3070 Stringebant
327 3018 443 3071 magnos
456 3001 566 3052 vincula
581 3017 668 3070 parva
679 2999 774 3068 pedes.

12 3084 13 3109 ³
94 3072 161 3138 Ipsa
176 3070 252 3148 capit
264 3069 371 3122 clavam
393 3086 565 3140 uegravem,
584 3069 759 3138 spoliumque
773 3065 872 3134 leonis,

132 3138 306 3209 Cond1teque
320 3140 348 3190 in
362 3089 495 3208 pharetra
508 3138 564 3193 tela
576 3139 686 3190 minora
700 3156 760 3191 sua.

12 3268 14 3279 ‚
94 3206 143 3258 Sic
157 3206 248 3275 epulis
262 3209 361 3273 functi,
381 3208 420 3278 sic
438 3207 505 3258 dant
517 3225 566 3259 sua
581 3224 702 3277 corpora
713 3223 827 3271 somn03

12 3280 13 3285 ’
132 3279 168 3326 Et
181 3276 278 3344 positis
291 3278 367 3329 iuxta
378 3277 530 3329 secubuere
545 3279 622 3335 toris.

12 3408 14 3413 ,
95 3345 203 3397 Causa:
219 3342 433 3415 repertorium
445 3347 493 3415 -pia
503 3338 584 3400 sacrd
598 3347 743 3417 parabant,
