2334 3842
147 239 215 307 '1⁶0
420 242 619 300 vovum
644 239 846 299 NASONIS

255 386 378 442 Nomina
389 386 518 442 rivomm
533 384 711 441 iisdmulare
722 386 812 441 iubet.
873 393 876 398 ’

218 457 281 512 Non
298 457 390 524 timui,
408 457 510 522 fateor,
528 473 573 522 ne,
588 474 643 527 qua
656 464 700 510 tot
712 457 771 510 iere
784 456 907 528 cumae,

149 525 204 584 470
258 527 410 598 Naufraga,
429 525 543 579 serratis
556 527 697 593 omnibus,
714 527 869 582 nestorea

218 598 288 650 Sunt
302 596 362 653 aliis
378 596 508 665 scriptae,
525 596 626 666 quibus
642 596 831 664 occluditur,
848 605 934 653 artes.

254 668 330 718 Haec
344 673 385 718 est
397 664 433 716 ad
444 672 554 719 nostros
565 683 625 718 uon
639 666 701 719 lese
714 667 821 720 crimen
837 683 914 721 avos.
958 712 961 717 ,

218 733 293 800 Quid
305 733 417 786 valeant
430 733 499 799 tali;
520 751 575 804 quo
588 734 676 803 possis
688 734 812 805 plurime
824 736 903 789 iactu

122 868 126 873 1
253 804 386 874 Fingere3
404 802 553 859 damnosos
569 804 721 874 effugiasve
735 822 827 859 canes.

149 870 202 932 475
218 873 335 926 Tessera
345 880 415 941 quot
435 888 567 937 numeros
578 873 697 926 habeat:
714 872 834 927 distante
846 882 951 928 vocato

255 941 365 994 Mittere
385 958 440 1012 quo
455 941 563 1008 doceat,
582 960 638 1011 quo
651 943 717 995 dare
729 943 813 996 missa
825 944 920 999 modo.
950 968 955 989 ³

219 1009 350 1064 Discolor
362 1019 395 1063 ut
406 1019 484 1064 recto
497 1021 638 1082 grassetur
648 1012 738 1064 limite
753 1013 843 1078 miles,

240 1073 322 1132 ‘cuni
332 1078 442 1132 medius
453 1080 566 1152 gemino
579 1080 705 1134 calculus
717 1081 798 1135 hoste
812 1079 902 1152 perit,

150 1162 155 1169 ·
218 1152 258 1203 Ut
272 1164 355 1225 mage
367 1146 440 1203 velle
455 1151 533 1221 sequi
547 1149 625 1216 sciat,
644 1160 674 1202 st
685 1168 821 1205 revocare
835 1152 979 1222 priorem

148 1215 201 1277 480
253 1220 294 1271 Ne
304 1227 366 1270 tuto
379 1218 491 1290 fugiens
505 1218 684 1272 incomitatus
699 1228 753 1274 eat.

217 1287 306 1341 Parsa
316 1286 394 1339 sedet
406 1290 493 1343 ternis
508 1288 645 1341 instructa
657 1289 763 1341 tabella
776 1288 895 1358 lapillis:

253 1360 352 1427 Inque
366 1356 464 1410 vicisse
479 1365 529 1424 est,
545 1358 716 1411 continuisse
728 1375 800 1411 suos.

218 1427 328 1496 Quique
346 1426 393 1479 alii
402 1425 487 1493 lusus,
505 1442 598 1496 neque
614 1428 689 1479 ur'uu
703 1443 778 1479 nunc
792 1443 857 1495 pers
962 1441 1063 1493 omnes,

187 1548 191 1559 ,
258 1494 378 1547 Perdere
385 1512 448 1548 rem
460 1512 566 1562 caram,
584 1504 716 1565 tempora
729 1504 833 1560 nostra,
852 1514 883 1548 so
896 1506 953 1556 eut.

148 1560 201 1623 485
217 1567 291 1627 Ecce
304 1564 495 1619 omissorsnas
507 1563 578 1617 alius
592 1565 682 1617 iactus
723 1580 739 1617 e
751 1564 883 1634 pilarum.

252 1635 305 1686 Hic
319 1642 411 1688 artem
422 1633 509 1685 nandi
520 1634 667 1702 praecipit,
687 1635 692 1647 '
706 1634 732 1687 le
746 1634 851 1693 trochi.

220 1702 382 1771 Composita
400 1710 442 1754 est
454 1702 514 1754 aliis
526 1702 645 1756 fucandi
659 1720 727 1756 cura
740 1702 859 1770 coloris'3

253 1771 306 1824 Hic
321 1770 409 1840 epulis
422 1769 498 1843 leges
510 1770 689 1842 hospitioque
704 1771 791 1827 dedit.

218 1839 297 1894 Alter
313 1839 440 1906 humum,
458 1840 494 1893 de
506 1856 563 1921 qua
572 1841 718 1913 fingantur
728 1839 841 1912 pocula,
855 1848 1013 1918 mausueta

149 1914 204 1975 490
256 1913 389 1980 Quaeque
402 1908 486 1963 docet
494 1904 604 1980 irquido
615 1918 687 1964 testa
701 1911 737 1963 sit
749 1915 816 1979 apta
828 1927 920 1967 mera.

220 1978 298 2033 Talia
315 1977 421 2031 fumosi
432 1978 567 2033 ludunmr
580 1996 677 2033 meuse
690 1980 869 2047 nocentum
884 1988 886 1991 ’

256 2052 333 2112 Quae
348 2047 451 2100 damno
469 2048 538 2101 nulli
556 2049 746 2118 composuisse
758 2049 822 2101 fuit.

219 2117 267 2171 Bis
282 2134 333 2238 epo
350 2117 483 2186 deceptus
495 2134 552 2170 non
565 2119 656 2171 tristia
667 2118 794 2171 cunina
808 2117 885 2185 feci;

255 2191 289 2239 Se
326 2186 413 2238 tristis
427 2196 538 2240 nostros
552 2205 644 2256 poena
655 2195 750 2240 secuta
763 2187 851 2241 iocos.

151 2258 204 2319 495
220 2255 347 2327 Denique
360 2272 414 2309 uec
428 2255 510 2309 rideo
527 2255 562 2309 de
575 2265 620 2309 tot
630 2256 814 2309 scribentibus
828 2271 927 2324 uuum,

257 2328 347 2388 Quem
362 2342 411 2377 sua
422 2324 574 2394 perdiderit
587 2327 680 2393 Musa3
698 2333 827 2395 repertus
841 2342 904 2396 ego.

221 2393 316 2460 Quid?
333 2394 538 2463 siscripsissem
551 2395 660 2460 mimos,
680 2394 820 2448 obscoena
835 2395 972 2459 iocantes,

257 2462 311 2526 Qui
328 2479 438 2533 semper
450 2464 528 2517 vetiti
541 2464 651 2517 crimen
665 2464 768 2517 amoris
783 2451 910 2516 habeut?

221 2536 254 2586 ln
268 2532 367 2602 quibus
381 2531 490 2587 assidue
502 2532 594 2585 cultus
606 2533 735 2602 procedit
748 2532 876 2599 adstitere

152 2605 205 2662 500
255 2602 403 2670 Verbaque
420 2601 468 2653 dat
484 2602 569 2654 stulto
584 2602 688 2657 callida
701 2611 789 2670 nupta
802 2602 874 2656 viro.

221 2671 329 2725 Nubilis
343 2669 394 2723 hos
406 2670 498 2742 virgo,
514 2679 711 2744 matronaque,
728 2671 836 2740 virque,
854 2686 981 2742 puerque

257 2743 384 2809 Spectat:
404 2748 433 2793 et
445 2757 460 2792 e
474 2757 577 2812 magna
591 2751 671 2810 parte
685 2745 802 2793 Senatus
815 2739 902 2793 adest.

220 2809 280 2864 Nec
293 2809 366 2874 satis,
383 2809 496 2863 incestis
508 2811 642 2862 temerari
655 2809 769 2862 vocibus
782 2825 877 2863 auress

256 2884 421 2930 assuescunt
433 2879 508 2931 oculi
520 2878 610 2932 multa
624 2876 753 2948 pudenda
764 2879 833 2947 pati.

151 2946 205 3003 505
222 2947 346 3017 Cumque
358 2947 460 3003 sessilis
475 2965 572 3002 amans
587 2949 682 3019 aliqua
694 2947 820 3000 novitate
833 2945 979 3013 marium,

256 3015 416 3081 Plauditur3
436 3027 465 3071 et
476 3035 521 3071 ma
590 3017 685 3087 palma
697 3016 797 3069 favore
809 3016 900 3069 detur.

223 3084 342 3154 Quoque
355 3085 447 3139 minus
459 3036 582 3156 prosffi,
600 3104 684 3139 scena
699 3095 739 3138 est
752 3085 864 3138 lucrosa
876 3086 996 3154 poitses

256 3153 401 3222 Tantaque
414 3171 470 3206 non
484 3173 571 3225 persa
582 3156 701 3209 crimina
712 3157 826 3207 Praetor
841 3155 920 3207 emit.

222 3220 332 3288 Inspice
343 3218 476 3275 ludorum
488 3235 603 3292 sumtus,
621 3231 644 3276 A
744 3263 753 3290 ,
770 3232 902 3277 tuorums

155 3286 209 3344 510
261 3290 343 3338 Emta
356 3289 407 3341 tibi
420 3307 523 3361 magno
535 3295 605 3346 talia·
617 3312 666 3347 mu
677 3303 709 3346 ta
720 3293 798 3364 legas
829 3332 832 3341 .

224 3357 302 3411 Haeo
314 3360 495 3429 suspectati,
512 3364 719 3436 mammisque
733 3379 817 3434 saepe
832 3359 943 3417 dedisti.
