2334 3842
146 234 210 300 104
407 234 438 287 e.
461 232 622 288 ov1n11.
636 231 832 287 ussurus

211 379 295 433 Ultor
306 377 410 449 adipso
424 393 488 431 suos
502 377 582 430 ooelo
600 376 889 446 deseendithonores,

227 502 231 510 ,
245 449 418 518 Templaque
428 447 459 499 in
469 453 593 517 Augusto
608 447 803 515 oonspioiendo
815 451 897 502 Foro.
911 468 912 472 ¹

212 519 246 573 Et
259 518 325 570 deus
338 527 379 569 est
390 520 494 587 ingens,
514 525 543 574 et
556 532 632 637 opus
657 517 822 569 Debebatin
837 519 915 572 Urbe

181 606 183 609 ’
245 590 309 640 Non
322 587 406 639 aliter
417 586 477 637 neti
490 588 564 637 Mers
596 584 703 638 abitare
718 586 771 639 sui.
988 605 990 608 ⁴

142 654 194 713 555
210 656 301 727 Digna
313 655 453 726 Giganteis
466 654 537 707 haec
556 664 621 706 sunt
634 654 751 707 delubro
767 654 905 725 tropaeis:

130 752 134 757 ·
245 727 316 779 Hinc
328 725 391 777 fera
404 724 555 777 Gradivum
571 723 647 795 bellu
662 720 777 777 movere
790 725 889 778 decet:

210 797 265 847 Seu
282 794 342 864 quis
355 795 389 845 ab
404 796 461 846 Eoo
474 811 524 845 nos
537 793 640 862 impius
657 793 726 846 urhe
739 794 870 858 lacesset;

251 867 305 915 Seu
319 864 380 932 quis
397 863 432 914 ab
447 863 565 916 occiduo
580 862 645 914 Sole
659 862 814 916 domandus
829 864 891 916 erit.

209 932 348 1000 Prospicit
361 932 537 1000 Armipotens
547 931 640 1000 operis
651 931 764 1003 fastigia
776 933 895 987 summis

141 1001 195 1056 560
245 1003 280 1052 Et
290 1001 392 1069 probet
405 1001 524 1053 invictos
537 1018 648 1053 summa
656 1009 754 1055 tenere
764 1001 845 1056 deos.

209 1069 345 1138 Prospicit
357 1071 386 1122 in
396 1070 503 1122 foribus
516 1069 642 1123 diversae
652 1070 711 1122 tela
726 1069 845 1141 figurae,

243 1143 328 1191 Arma
368 1157 382 1192 e
395 1148 537 1192 terrarum
551 1139 641 1192 milite
653 1139 729 1192 victa
739 1156 798 1192 suo.

210 1202 283 1261 Hinc
296 1209 324 1259 vi
345 1218 373 1261 et
384 1213 496 1261 Aenean
511 1219 660 1262 oneratum
671 1208 795 1278 pondere
806 1225 904 1274 socro3

243 1281 277 1329 Et
288 1287 332 1330 tot
346 1278 439 1330 Iiileee
451 1278 604 1330 nobilitatis
617 1295 692 1332 avos.

138 1343 192 1402 565
208 1346 280 1399 Hinc
294 1347 371 1400 videt
382 1347 489 1400 Iliaden
501 1347 627 1400 humeris
639 1347 717 1399 ducis
729 1364 809 1400 unta
819 1345 972 1401 forontem:

141 1426 144 1435 “
244 1417 379 1486 claraque
394 1416 535 1486 dispositis
546 1425 610 1470 ecte
621 1417 733 1469 subesse
746 1416 821 1471 viris.
972 1458 975 1462 a

171 1535 174 1541 .
207 1488 321 1556 Spectat
334 1495 362 1538 et
375 1490 500 1557 Augusto
516 1494 693 1556 praetextum
704 1486 819 1538 nomine
829 1484 979 1554 temptum,

242 1558 276 1606 Et
287 1555 386 1619 visum,
403 1554 479 1608 lecto
494 1557 620 1620 Caesare,
635 1556 727 1607 'rnaius
738 1571 816 1623 opus.
1003 1574 1007 1575 ’

206 1625 329 1678 Voverat
340 1623 395 1675 hoe
408 1624 514 1677 iuvenis
527 1634 606 1692 tuno,
614 1641 680 1677 cunr
692 1624 739 1693 pie
752 1622 863 1676 sustulit
875 1639 962 1680 erma.

138 1687 192 1748 570
242 1697 266 1743 Α
277 1695 362 1744 tantis
376 1693 509 1762 Princeps
520 1693 695 1762 incipiendus
710 1701 778 1745 erat.

129 1756 133 1771 '
206 1759 257 1813 Ille
269 1777 368 1812 manus
381 1761 506 1827 tendens,
524 1762 591 1814 hinc
601 1762 686 1814 stanti
699 1762 790 1815 milite
802 1761 885 1829 huto,

242 1831 313 1891 Hinc
327 1829 488 1895 coniuratis,
503 1831 574 1883 talis
590 1831 666 1884 diets
680 1830 771 1885 dedite

207 1898 237 1951 Si
246 1898 316 1950 mihi
327 1898 451 1951 bellandi
466 1908 548 1968 pater
561 1909 613 1966 est,
629 1903 785 1969 Vestaeque
799 1900 931 1954 noardes

242 1972 357 2034 Auctor,
376 1976 404 2020 et
415 1968 513 2021 ulcisci
527 1986 633 2022 numen
643 1979 796 2038 utrumque
804 1985 890 2038 perot

137 2035 189 2095 575
205 2037 288 2102 Mers,
306 2036 382 2101 edes,
400 2045 428 2089 et
438 2039 508 2090 satia
519 2038 657 2092 scelerato
668 2037 805 2109 sanguine
815 2038 941 2092 ferrum

241 2109 356 2175 Stetque
367 2106 448 2158 favor
461 2125 546 2161 cause
559 2125 611 2188 pro
624 2107 743 2160 meliore
757 2115 831 2161 oms.

205 2175 322 2244 Templa
333 2174 415 2240 feres,
434 2185 471 2243 et,
488 2187 662 2244 monetote,
679 2176 826 2231 vocaberis
836 2176 930 2230 Uitor.

239 2246 377 2308 Voverat3
396 2253 425 2298 et
439 2246 502 2298 fuso
511 2247 602 2298 laetus
615 2246 651 2298 uh
664 2246 744 2298 hoste
755 2245 837 2300 redit.

204 2313 263 2366 Nec
275 2313 341 2365 satis
354 2322 394 2365 est
406 2315 540 2368 meruisse
550 2316 638 2368 semel
651 2315 821 2386 cognomim
831 2315 929 2368 Marti:

71 2386 78 2391 ’
136 2383 190 2438 580
238 2384 418 2463 Persequitur
429 2384 526 2437 Parthi
536 2385 615 2456 signa
627 2393 737 2437 retenta
748 2400 844 2438 manu.

206 2453 280 2504 Gens
292 2451 348 2502 furt
362 2460 390 2503 et
402 2454 515 2522 campis,
533 2463 562 2505 et
575 2454 662 2524 equis,
681 2461 709 2505 et
720 2461 784 2506 tutu
796 2451 914 2524 sagittis,

239 2523 274 2572 Et
290 2521 467 2573 circumfusis
476 2523 550 2573 invia
560 2523 733 2578 fluminibus.

204 2588 375 2642 Addiderunt
385 2591 492 2643 animos
507 2594 669 2644 Crassorum
680 2592 783 2644 funere
792 2589 905 2662 gentis,
926 2622 929 2627 «

240 2661 309 2711 Cum
341 2659 405 2711 eriit
418 2659 510 2727 miles,
526 2661 668 2733 signaque,
688 2657 904 2730 durquesimul.

135 2725 188 2783 585
204 2728 296 2799 Signa,
315 2677 401 2780 decus
414 2729 491 2796 belli,
507 2732 626 2782 Parthus
637 2733 764 2782 Romana
774 2726 909 2792 merbate

239 2800 437 2868 Romanaeque
450 2800 560 2880 equilen
571 2802 593 2852 si
632 2800 688 2852 isar
698 2799 786 2852 hostis
798 2806 868 2852 erut.

202 2868 283 2935 Isque
293 2867 385 2936 pudor
398 2878 545 2922 mansisset
557 2868 595 2921 sd
616 2887 662 2935 uo,
677 2869 730 2921 nisi
740 2867 861 2923 fortibus
874 2866 960 2923 usmis
982 2894 986 2902 ⁸

238 2937 360 2987 Caesaris
373 2938 509 2990 Ausoniae
524 2947 741 3019 protegerentur
753 2953 831 3006 opes.

203 3002 254 3055 Ille
270 3014 349 3057 notas
363 3015 481 3073 veteres,
498 3015 528 3059 et
540 3008 618 3078 longi
633 3006 753 3061 dedoeus
764 3006 826 3060 oevi

133 3070 188 3127 590
237 3073 363 3126 Sustulit.
385 3080 531 3145 Agnorunt
541 3076 620 3147 signa
632 3079 748 3146 recepta
760 3092 833 3127 suos.

203 3142 278 3206 Quid
288 3142 340 3193 tibi
353 3156 429 3195 nuno
443 3144 543 3198 solitae
553 3147 629 3198 mitti
640 3155 704 3214 post
716 3154 802 3215 terga
814 3142 943 3223 sagittae,

238 3210 312 3273 Quid
324 3210 396 3277 locu,
415 3213 482 3281 quid
493 3216 586 3283 rapidi
598 3215 706 3285 profuit
718 3231 783 3269 usus
795 3212 883 3283 equs?

175 3313 179 3318 ,
202 3279 311 3342 Perthe‚
327 3279 417 3330 refers
431 3282 552 3349 aquilas:
569 3284 658 3336 victos
689 3299 782 3353 unque
792 3280 913 3353 porrigis
923 3293 1013 3333 mus.

235 3346 357 3417 Pignora
370 3347 429 3400 iam
440 3351 530 3404 nostri
544 3351 624 3413 nulla
634 3301 750 3425 pudens
759 3351 857 3406 tates
