2334 3842
388 224 630 288 esseorum
649 225 777 296 arar

136 371 260 424 Ninnius
272 369 416 444 lanigerae
425 370 490 425 corii
557 371 718 428 debetcris.

98 441 234 505 Victima,
253 457 324 510 quae
337 441 435 494 dextra
450 442 510 495 ceci
533 443 553 494 ‘t
568 443 693 511 victrice,
711 450 838 497 vocatur.

36 564 41 577 Χ
110 575 112 579 Ι
137 510 271 564 Hostibus
284 512 385 563 amotis
398 511 489 563 hostia
500 529 606 564 nomen
618 512 712 566 habet.

98 581 183 645 Ante,
203 580 270 631 deos
284 579 393 633 homini
443 580 480 633 od
496 581 648 634 conciliare
664 582 782 649 valeret,

135 652 191 701 Far
204 658 273 716 erat,
289 659 321 701 et
352 651 395 701 uri
420 649 503 704 ucida
517 651 592 703 mica
605 651 680 705 salis.

96 718 233 771 Nondum
250 667 405 788 pertulerat
417 719 577 772 lacrimatas
593 721 699 773 cortice
714 719 844 791 myrrhas

134 792 207 840 Acta
220 805 271 856 per
283 806 435 858 aequoreas
447 789 557 858 hospita
569 790 646 842 navis
660 808 754 870 aquas.

96 859 178 910 Tum
190 874 245 909 nec
258 859 418 926 Euphrates,
437 876 489 911 nec
504 860 619 912 miserat
632 860 711 913 India
724 870 845 931 costum,

135 929 195 979 Nec
209 927 323 979 fuerant
334 928 413 979 rubri
424 928 539 1009 cognita
548 929 598 981 iila
609 929 696 983 croci.

96 1000 156 1048 Ara
172 996 257 1049 dabat
269 996 372 1063 fumos,
389 997 483 1049 herbrs
499 1007 631 1051 contenta
642 999 758 1068 sabinis,

133 1069 169 1118 Et
182 1083 239 1117 non
253 1065 351 1135 exiguo
364 1065 459 1118 laurus
470 1066 567 1119 adusta
579 1085 659 1124 sono.

5 1164 6 1169 =
95 1135 127 1188 si
141 1135 204 1204 quis
217 1144 284 1201 erat,
303 1135 385 1187 factis
397 1135 470 1203 prati
488 1136 522 1189 de
535 1137 608 1189 ilore
621 1137 732 1189 coronis

5 1242 7 1273 ,
133 1205 189 1268 Qui
201 1214 295 1273 posset
306 1204 392 1256 riolas
405 1205 518 1270 addere,
537 1205 613 1258 dives
624 1216 692 1261 erat.

5 1286 6 1291 ’
94 1274 162 1340 Hic,
182 1274 231 1342 qui
242 1291 317 1327 nunc
331 1274 422 1343 aperit
435 1276 557 1342 percussi
570 1277 678 1328 viscera
688 1276 773 1345 tauri,

5 1404 7 1411 γ
132 1346 166 1394 ln
182 1343 267 1394 sacris
279 1343 390 1395 nullum
406 1343 499 1395 culter
512 1344 635 1396 habebat
650 1362 728 1415 opus.

5 1432 6 1465 i
93 1412 193 1465 Prima
205 1415 287 1465 Ceres
304 1412 401 1465 avidae
413 1413 507 1482 gavisa
519 1422 560 1465 est
569 1414 704 1484 sanguine
719 1430 832 1484 porcae,

5 1494 6 1501 ¹
134 1481 201 1533 Ulta
215 1498 277 1533 suas
291 1481 392 1534 merita
403 1481 490 1534 caede
505 1484 633 1535 nocentis
647 1500 722 1551 opes.

93 1553 172 1604 Nam
181 1559 249 1617 sata,
266 1568 332 1603 vere
344 1567 426 1616 navo,
446 1552 548 1604 teneris
559 1553 696 1606 lactentia
710 1553 811 1622 succis,

5 1650 6 1685 3
131 1623 218 1671 Eruta
231 1621 368 1691 setigerae
384 1621 523 1690 comperit
535 1639 584 1675 ore
596 1623 661 1678 suis.

5 1704 7 1741 t
93 1694 147 1742 Sus
162 1688 280 1745 dederat
290 1705 403 1757 poenas.
422 1691 555 1760 Exemplo
572 1691 686 1744 territus
699 1690 781 1745 huius

130 1758 252 1811 Palmite
264 1758 402 1811 debueras
415 1760 587 1819 abstinuisse,
604 1761 697 1830 caper.

5 1830 7 1845 ¹
93 1831 188 1893 Quem
203 1838 331 1897 spectans
345 1827 444 1898 aliquis
458 1828 554 1881 dentes
569 1830 598 1882 in
612 1831 670 1882 vite
686 1838 871 1900 prementem,

130 1897 212 1949 Talia
225 1913 282 1949 non
293 1897 383 1949 tacito
397 1898 474 1950 dicta
487 1897 586 1951 dolore
599 1898 690 1952 dedit:

91 1967 183 2032 Rode,
201 1984 294 2035 caper,
311 1966 410 2019 vitem:
427 1975 523 2020 tamen
534 1967 611 2035 hinc,-
629 1986 696 2021 cum
709 1968 795 2023 stabis
807 1971 844 2024 ad
855 1988 943 2040 mam,

129 2040 163 2088 ln
178 2044 226 2088 tua
243 2035 319 2106 quod
331 2036 426 2107 spargi
438 2053 544 2089 cornua
558 2038 653 2105 possit,
672 2044 734 2093 erit.

6 2102 7 2161 ξ
91 2105 189 2157 Verba
201 2105 272 2157 fides
285 2121 298 2156 s
337 2105 426 2157 uitur:
444 2123 532 2158 norae
547 2107 598 2158 tibi
614 2102 723 2159 deditus
736 2108 825 2162 bostis

6 2218 8 2243 ἰ
129 2175 277 2244 Spargitur
288 2191 305 2225 a
328 2191 377 2226 uso
392 2190 508 2242 cornua,
526 2176 641 2242 Bacche,
661 2192 751 2230 mero.

6 2266 7 2301 ς
92 2243 183 2311 Culpa
195 2243 237 2294 sui
249 2242 362 2296 nocuit:
379 2244 477 2296 nocuit
488 2257 601 2314 quoque
614 2245 698 2312 culpa
713 2245 847 2314 capellae.
880 2256 882 2263 ’

6 2312 8 2323 '
128 2312 202 2374 Quid
216 2313 278 2377 bos,
296 2312 364 2381 quid
377 2312 506 2381 placidae
519 2314 724 2365 commeruistis
740 2316 825 2367 oves?

6 2376 8 2393 '
90 2380 193 2434 Flebat
205 2382 356 2446 Aristaeus,
373 2382 525 2451 quodapes
539 2399 606 2434 cum
617 2382 702 2453 stirpe
716 2394 830 2437 necatas

6 2448 8 2511 ζ
126 2451 242 2504 Viderat
255 2450 382 2520 inceptos
395 2450 550 2504 destituisse
562 2452 649 2504 favos.

6 2574 7 2591 ,
91 2520 211 2572 Gcemla
224 2536 311 2590 quem
323 2520 450 2590 genetrix
461 2537 544 2593 aegre
559 2522 649 2573 solata
662 2518 816 2591 dolentem,

6 2608 8 2627 ι
125 2587 241 2641 Addidit
253 2589 325 2640 haec
337 2588 417 2641 dictis
430 2589 530 2643 ultima
540 2591 626 2644 verba
642 2592 712 2644 suist

6 2684 7 2697 κ
91 2656 172 2725 siste,
188 2675 267 2727 puer,
285 2657 430 2710 lacrimam
449 2661 563 2713 Proteus
576 2669 628 2713 tua
642 2660 743 2713 damna
756 2661 875 2730 levabit3

126 2730 246 2797 Quoque
259 2726 345 2779 modo
358 2743 480 2798 repares,
501 2743 574 2800 quae
587 2731 705 2798 periere,
723 2730 809 2785 dabit.

89 2795 219 2865 Decipiat
229 2812 266 2848 ne
278 2803 310 2848 te
319 2797 405 2848 versis
419 2806 513 2850 umen
525 2799 573 2850 ille
588 2799 701 2870 figuris3

125 2865 283 2933 Impediant
293 2856 417 2936 geminas
428 2867 538 2919 vincula
551 2868 634 2919 firma
646 2884 754 2920 manus.

89 2935 221 2987 Pervenit
233 2934 376 2987 edestam
388 2936 507 2989 iuvenis:
525 2937 703 3006 resolutaque
713 2953 811 2991 somno

125 3003 230 3072 alligat
242 3003 375 3073 aequorei
388 3004 503 3057 brachia
517 3022 550 3058 ca
570 3014 600 3056 ta
612 3006 691 3061 senis.

89 3070 141 3124 Ille
154 3089 204 3123 sua
217 3070 320 3125 faciem
333 3074 509 3125 nansiormis
525 3092 540 3126 a
562 3074 664 3127 ulterat
677 3083 752 3129 arte:

7 3196 8 3201 η
125 3142 193 3192 Mox
206 3140 325 3193 domitus
337 3142 435 3194 vinclis
446 3143 474 3194 in
489 3160 539 3195 sua
549 3145 677 3196 membra
687 3145 769 3200 redit.

7 3230 8 3233 ¹
88 3211 205 3278 Oraque
215 3210 345 3263 ooamlea
355 3211 456 3267 tollens
467 3212 591 3264 rorantia
603 3214 703 3283 barba,

7 3306 8 3339 t
125 3279 200 3343 Qua,
217 3277 292 3345 dixit,
308 3297 421 3349 repares
434 3291 504 3347 arte,
519 3282 648 3352 requiris,
664 3284 750 3354 apes?

88 3345 188 3399 obrue
197 3349 312 3403 man&
324 3366 426 3421 corpus
436 3350 678 3429 tellarexiuvenci:
