2334 3842
138 244 202 317 114
406 248 438 307 ι’.
453 222 615 309 ¹'ovrnn
634 250 825 309 resones

241 392 549 469 Dicitur‚ethtiopr
658 397 869 469 temperem

208 465 311 533 Appius
325 472 369 516 est
385 476 499 533 auctor,
517 471 586 537 Pyrr
606 487 630 521 α’
640 469 688 538 qui
697 486 766 539 pecc
777 476 881 539 uegeta

186 561 189 567 ·
243 532 364 587 Multum
374 535 469 589 animo
480 538 564 598 vitiu
581 538 689 590 lumine
702 547 802 618 ceptus
814 546 883 590 erut.

140 601 193 658 -205
208 601 345 669 Prospicit
359 619 377 654 e
391 603 497 672 templo
511 608 654 659 summum
666 607 757 660 breue
771 623 838 660 eree
848 606 972 658 Giruffl.

245 673 293 722 Est
304 670 345 723 ibi
357 688 415 724 non
427 691 530 741 parvae
544 692 632 744 parva
642 676 774 729 columne
784 684 877 728 notae.
895 741 901 753 ,
930 739 936 752 ·

210 738 282 793 Hinc
295 738 366 792 solet
375 739 455 797 hasta
469 760 568 810 manu,
586 744 654 797 belli
665 745 844 813 praenuntia,
861 749 954 805 metm

245 810 279 860 In
287 824 386 880 regem
396 819 425 861 et
435 821 531 882 gentes
543 831 611 867 cum
621 813 716 882 placet
727 831 807 866 arma
820 811 893 882 capi.
941 854 944 863 t
989 836 992 843 ·

211 903 319 979 Altera
328 945 393 997 pars
406 929 478 983 Circi
490 932 605 985 custode
617 933 668 985 sub
684 931 803 986 Hercule
817 940 879 985 tutu
893 939 949 987 ests

142 993 196 1049 210
248 995 330 1059 Quod
345 997 412 1051 deus
426 1001 548 1055 Euboico
564 1001 688 1055 carmine
700 1019 801 1055 munus
813 1001 908 1055 hebet.

212 1064 336 1119 Muneris
346 1076 387 1118 est
397 1078 521 1138 tempus,
540 1073 589 1140 qui
602 1073 696 1123 Nonus
708 1071 820 1123 Lucifer
833 1079 898 1123 aute
912 1076 963 1126 est.

247 1134 276 1186 si
287 1133 383 1187 titulos
396 1140 521 1208 quaeris:
537 1139 754 1209 Sylla—probavit
766 1156 843 1210 opus.

213 1214 399 1303 Quaerebam
411 1242 504 1292 Nones
514 1245 607 1294 Sanco
616 1241 721 1294 Fidens
733 1241 881 1306 referrem,

248 1309 290 1356 An
302 1306 369 1373 tihi,
387 1313 470 1361 Semo
480 1318 574 1378 peter-3
593 1324 659 1363 cum
669 1310 740 1362 mihi
752 1315 856 1362 sancus
867 1310 922 1361 uite

143 1369 195 1428 215
213 1373 374 1444 Cuicunque
387 1378 484 1429 exiliis
497 1379 620 1441 dederim
638 1396 690 1449 ego
704 1396 805 1431 munus
817 1379 937 1431 habebo.

246 1444 368 1497 Nomina
379 1447 454 1499 trinu
467 1448 544 1500 feror
561 1449 602 1500 sic
615 1447 731 1501 reluere
742 1450 834 1500 Cures.

213 1514 294 1564 Hunc
308 1513 396 1582 igitur
408 1524 516 1568 veteres
531 1517 671 1568 donarunt
684 1517 754 1570 aede
764 1516 868 1583 Sebini,

248 1585 336 1650 Inque
350 1583 487 1646 Quirinali
498 1586 669 1637 courtiniere
679 1587 755 1657 iugc.

214 1663 271 1736 Est
288 1684 372 1752 mihi,
390 1686 425 1739 sit
465 1704 494 1752 e,
513 1706 628 1756 precor,
645 1688 746 1741 nostris
758 1686 916 1741 diuturnior
928 1687 1015 1753 annis,

146 1753 199 1809 220
248 1752 331 1806 Filia:
353 1772 409 1824 que
439 1755 491 1807 elix
506 1761 608 1826 sospite
623 1774 735 1827 semper
750 1776 808 1811 erc.

216 1824 295 1874 Hanc
309 1839 360 1894 ego
376 1825 442 1876 cum
455 1824 558 1877 vellem
572 1843 677 1896 genero
693 1827 773 1892 dure;
788 1836 917 1896 tempure
929 1824 1015 1881 taedis

250 1895 322 1960 Apte
333 1893 525 1962 requirebam,
543 1911 670 1965 quaeque
684 1895 806 1949 cavenda
817 1895 921 1950 forent.

216 1960 289 2012 Tum
300 1961 370 2013 mihi
379 1970 443 2030 pust
456 1980 549 2015 sacres
562 1973 733 2016 monstratur
745 1965 838 2018 Iunius
850 1962 915 2035 idus

253 2028 333 2081 Utilis
344 2040 372 2082 et
385 2032 490 2100 nuptis,
508 2032 584 2084 utilis
599 2050 656 2085 esse
668 2035 744 2089 viris.

148 2096 201 2154 225
216 2096 364 2168 Primaque
376 2117 442 2220 pers
454 2100 537 2153 huius
548 2102 679 2154 thalamis
690 2101 780 2155 aliene
791 2111 904 2172 reperta
917 2109 967 2156 est.

251 2168 324 2220 Nam
335 2168 375 2221 mi
396 2169 456 2222 isic
469 2171 569 2222 coniux
579 2181 677 2223 sancta
689 2171 772 2224 Dialis
785 2173 837 2226 uit:

216 2236 313 2288 Donec
326 2237 361 2289 ab
374 2237 459 2291 lliuce
469 2239 597 2307 placidus
610 2241 776 2310 purgamine
787 2243 870 2294 Veste

253 2306 391 2359 Detulerit
403 2308 484 2360 flavis
495 2309 525 2360 in
538 2327 618 2362 mare
630 2310 747 2377 Thybris
759 2327 775 2361 e
795 2310 853 2373 uis;

217 2373 281 2426 Non
294 2375 364 2427 mihi
379 2375 509 2428 detonsos
524 2380 614 2430 crines
627 2378 776 2448 depectere
807 2396 872 2443 uxo,

150 2441 204 2503 230
253 2444 316 2494 Non
328 2462 432 2525 ungues
445 2446 522 2501 ferro
536 2448 707 2501 subsecuisse
720 2448 801 2501 licet:

217 2512 281 2565 Non
293 2513 415 2583 tetigisse
427 2513 535 2578 virum,
553 2517 679 2596 quemvis
694 2518 765 2568 Iovis
778 2516 826 2569 ille
838 2514 979 2585 sacerdot,
1002 2562 1006 2570 .

254 2582 384 2644 Quamvis
398 2591 579 2652 perpetuam
593 2586 663 2637 mihi
672 2587 735 2657 lege
748 2586 836 2639 dutus.
951 2634 954 2645 .

218 2649 262 2701 Tu
275 2667 387 2720 quoque
400 2667 436 2702 ne
447 2669 583 2720 propera3
601 2655 700 2707 melius
712 2663 760 2707 tua
773 2655 831 2708 filiu
843 2653 943 2723 nubet,
954 2706 958 2715 ,

252 2721 338 2790 Ignea
352 2736 418 2775 cum
428 2738 500 2791 pura
509 2723 595 2776 Vesta
608 2724 709 2779 nitebit
721 2722 817 2778 humo.

150 2835 202 2894 285
219 2814 324 2892 Tertia
338 2851 403 2911 post
416 2845 509 2896 Nonas
525 2859 672 2896 removere
686 2842 816 2913 Lycaona
830 2840 942 2895 Phoebe

254 2909 367 2961 Fertur:
385 2919 414 2964 et
428 2930 444 2964 a
457 2922 539 2983 tergo
553 2930 611 2965 non
624 2913 709 2964 hebet
722 2916 789 2964 Ursa
800 2920 917 2964 metum.

218 2975 297 3029 Tunc
308 2995 360 3060 ego
372 2997 418 3033 me
431 2981 547 3034 memini
559 2980 642 3034 ludos
655 2983 684 3033 in
698 2983 825 3053 gramine
836 2979 934 3049 Campi
986 2994 990 3003 ’

128 3046 137 3059 ’
252 3045 412 3115 Adspicere:
431 3060 460 3102 et
474 3051 573 3111 didici,
591 3051 700 3107 lubrice
715 3051 835 3119 Thybri,
851 3056 924 3102 tuus.

217 3115 297 3167 Festa
310 3116 368 3167 dies
379 3117 450 3183 illis,
465 3120 514 3189 qui
526 3120 585 3172 lina
597 3120 739 3173 madentis
750 3120 865 3178 ducunt.

149 3179 201 3238 240
251 3184 360 3257 Quique
373 3193 473 3257 tegunt
483 3191 574 3257 parvis
592 3207 656 3242 aera
672 3207 791 3243 recurva
807 3188 884 3242 cibis.

212 3264 548 3411 Mfflffinfim
556 3293 657 3416 pfiapeq
681 3291 910 3414 'Mwff‘lm
923 3264 1045 3345 videmur
1063 3314 1067 3323 ·

154 3397 160 3415 τ
443 3375 744 3430 0¹›P⁰,eoeus,
805 3398 849 3421 «,
