2334 3842
300 316 303 323 ,
369 245 618 312 PASTORUM
639 256 721 311 LIB.
742 260 779 322 11.
991 258 1030 320 41

113 401 225 456 Nutriat
241 403 378 457 incinctos
398 404 481 457 missa
497 403 601 472 pascua
611 405 704 458 Lares.

81 470 191 542 lamque
211 474 259 525 ubi
282 474 408 526 suadebit
421 473 546 545 placidos
559 489 615 526 nox
625 474 724 527 ultima
735 489 857 544 sonmos,
980 477 1032 533 635

113 544 198 594 Parca
211 552 376 611 precaturae
390 543 490 613 sumite
503 544 567 594 vina
577 560 686 597 manus.

82 613 120 677 Et,
137 615 209 664 Bene
223 629 273 663 nos
285 615 401 678 Patriae,
419 614 491 665 bene
503 619 541 677 te,
558 615 648 679 Peter,
667 613 773 683 optime
787 616 893 681 Caesar,

112 681 209 748 Dicite,
232 681 337 734 suffuso
345 696 403 752 ‘per
413 699 493 735 sacra
504 682 591 734 verba
604 698 692 738 mero.

81 797 147 871 Nox
159 816 210 869 ubi
223 818 373 885 transierit,
400 819 484 871 solito
498 819 658 871 celebretur
669 820 786 887 honore,

111 889 225 954 Separat
242 888 345 940 indicio
358 890 407 958 qui
420 889 487 940 deus
503 904 569 941 arra
587 904 647 945 mo.
915 904 918 911 ’
979 889 1031 946 640

80 953 219 1027 Termine,
238 958 294 1010 sive
305 957 385 1027 lapis,
403 958 459 1010 sive
475 974 502 1011 es
515 958 642 1010 defossus
653 957 682 1010 in
705 975 775 1030 agro
978 982 981 985 ·

109 1025 196 1094 Stipes
208 1027 243 1077 ab
259 1027 316 1078 anti
336 1028 395 1108 uis,
405 1028 444 1080 sic
463 1044 574 1097 quoque
593 1044 699 1080 numen
711 1029 805 1086 habes.

79 1091 114 1144 Te
125 1093 179 1146 duo
195 1096 305 1149 diversa
317 1046 425 1148 dommi
437 1114 490 1165 pro
506 1107 585 1165 parte
598 1107 753 1162 coronant;

107 1164 230 1233 Binaque
243 1174 317 1218 serta
327 1166 393 1232 tihi,
428 1166 550 1233 binaque
564 1166 622 1217 liba
644 1166 749 1220 ferunt.

79 1233 186 1285 Arafit:
211 1234 267 1286 huc
284 1235 379 1305 ignem
398 1244 479 1287 curto
496 1236 665 1287 tenuatim
675 1244 750 1288 testu

109 1305 233 1354 tumtum
244 1312 274 1356 te
286 1305 386 1371 tepidis
398 1305 458 1373 ipsa
483 1304 586 1356 colona
597 1304 679 1357 focis.
730 1304 732 1311 ’

77 1368 159 1440 Ligna
175 1389 259 1424 senex
270 1374 379 1435 minuit,
405 1373 572 1443 concisaque
584 1373 720 1426 construit
730 1373 803 1440 alte3

108 1442 139 1489 Et
150 1442 238 1494 solida
250 1460 344 1494 ramos
362 1443 449 1513 figere
459 1451 567 1514 pugnat
584 1442 680 1495 humo.

77 1509 144 1560 Dum
155 1511 230 1564 sicco
244 1514 348 1582 primas
357 1512 449 1564 irritat
467 1512 574 1564 cortice
593 1511 736 1566 flammas:

109 1582 164 1631 Stat
173 1596 253 1649 puer,
273 1589 300 1633 et
312 1581 439 1633 manibus
452 1580 510 1633 lata
522 1580 643 1633 canistra
659 1590 745 1634 tenet.
973 1582 1026 1636 650

76 1646 147 1714 Inde,
164 1650 211 1701 ubi
221 1660 266 1702 ter
276 1651 372 1721 fruges
384 1650 491 1703 medios
507 1650 625 1702 immisit
644 1651 674 1702 in
691 1652 781 1721 ignes,

107 1718 224 1787 Porrigit
235 1720 338 1772 incisos
356 1718 414 1773 filia
428 1738 516 1789 parva
529 1720 618 1773 favos.

76 1783 139 1837 Vina
151 1796 247 1840 tenent
259 1789 320 1840 alii:
346 1789 470 1842 libantur
485 1789 595 1860 singula
613 1788 745 1842 flammis.

106 1858 244 1927 Spectant,
263 1868 292 1910 et
302 1858 403 1929 linguis
414 1858 624 1912 candidaturha
642 1858 748 1913 favent.

78 1925 213 1996 Spargitur
228 1937 256 1980 et
272 1942 353 1980 caesa
371 1929 528 1980 communis
545 1928 692 1980 Terminus
715 1944 804 1997 agna3

105 1996 160 2047 Nee
172 1997 307 2066 queritur,
324 1997 431 2049 lactens
448 2014 513 2049 cum
526 1996 580 2051 sibi
592 2013 679 2065 porca
704 1997 798 2052 datur,

77 2061 248 2133 Conveniunt,
280 2067 477 2135 celebrantque
499 2066 582 2136 dapes
596 2065 699 2117 vicinia
712 2067 840 2136 simplex,

104 2135 135 2184 Et
146 2144 259 2187 cantant
272 2134 378 2203 laudes,
398 2135 530 2188 Termine
542 2143 652 2200 sancte,
675 2144 746 2187 tuas.
971 2166 978 2178 ι
1030 2166 1051 2223 4

75 2199 111 2252 Tu
122 2204 248 2272 populos,
264 2206 412 2276 urbesque,
431 2213 459 2256 et
470 2221 558 2275 regna
569 2202 694 2274 ingentia
703 2203 781 2256 finis:

104 2274 194 2325 Omnis
208 2275 261 2327 erit
275 2275 334 2325 sine
345 2283 374 2326 te
385 2273 603 2345 litigiosusager.
715 2338 716 2341 Ἴ
968 2273 1020 2330 660

74 2337 150 2393 Nulla
160 2343 210 2394 tibi
235 2343 421 2396 ambitio'est:
445 2341 522 2394 nullo
541 2341 730 2411 corrumperis
744 2359 822 2397 auro.

103 2411 247 2482 Legittima
259 2430 348 2466 servas
362 2411 468 2466 credita
484 2429 553 2467 rura
571 2410 638 2464 fide.

75 2475 98 2528 Si
110 2486 139 2530 tu
150 2481 282 2551 signasses
296 2482 364 2534 olim
380 2479 548 2550 Thyreatida
567 2490 690 2545 terram3

103 2548 220 2618 Corpora
235 2568 292 2603 non
303 2552 360 2604 leto
374 2552 457 2603 missa
478 2559 606 2602 trecenta
627 2549 731 2602 forent.

72 2614 124 2668 Nec
135 2618 369 2691 foretOthryades
381 2614 520 2692 congestis
532 2620 621 2671 lectus
633 2619 662 2670 in
683 2622 787 2686 armis„
964 2621 1016 2678 665

103 2689 268 2757 Oquantum
287 2692 393 2759 patriae
407 2688 545 2760 sanguinis
562 2688 611 2742 ille
630 2688 717 2741 dedit!

75 2752 146 2822 Quid,
164 2776 234 2811 nova
247 2776 313 2811 cum
328 2756 428 2811 fierent
441 2757 595 2828 Capitolia?
618 2771 719 2878 nempe
732 2760 849 2811 deorum

102 2824 201 2879 Cuncta
215 2829 275 2881 Iovi
288 2829 371 2882 cessit
388 2829 487 2893 turba,
511 2826 663 2897 locumque
701 2827 766 2881 edit.
843 2886 845 2891 ,

72 2889 215 2962 Terminus,
233 2906 265 2950 ut
282 2907 389 2950 veteres
403 2905 571 2964 memorant,
598 2905 749 2948 conventus
763 2895 793 2948 in
807 2897 875 2951 aede

100 2962 218 3019 Restitit:
240 2976 269 3020 et
284 2985 387 3039 magno
403 2970 539 3019 cumIove
556 2965 664 3046 templa
678 2973 764 3020 tenet.
960 2967 1013 3025 670

71 3026 145 3084 Nunc
158 3052 277 3106 quoque,
288 3054 329 3088 >se
344 3053 427 3105 supra
446 3053 481 3087 ne
497 3035 564 3106 quid
575 3034 627 3086 nisi
639 3034 729 3087 sidera
741 3044 847 3102 cernat,

100 3100 227 3172 Erigutun
241 3105 341 3173 templi
355 3114 429 3157 tecta
447 3105 573 3156 foramen
588 3104 702 3158 habent.
798 3135 801 3141 -

71 3165 205 3242 Termine,
222 3184 286 3244 post
297 3175 366 3227 illud
379 3174 476 3225 levitas
493 3174 545 3226 tibi
561 3173 653 3226 libera
666 3183 780 3241 nonest
787 3194 798 3240 3,

102 3240 159 3301 Qua
169 3245 269 3310 positus
283 3244 370 3296 fueris
385 3244 414 3295 in
430 3244 564 3307 statione,
589 3259 680 3295 mane.

72 3302 123 3358 Nec
134 3313 262 3367 turicino
278 3313 432 3387 quidquam
451 3312 574 3365 concede
591 3311 717 3382 roganti;

101 3376 141 3429 Ne
151 3380 259 3435 videare
277 3383 422 3437 bominem
434 3382 626 3457 praeposuisse
641 3380 708 3433 lori.
