2334 3842
151 266 215 331 282
412 265 443 319 P.
465 261 620 318 oruun
638 261 718 316 MS
728 259 838 317 UNI&

219 408 290 475 nea·
300 417 348 461 tua
364 407 472 461 aissetu
483 406 644 460 scindentur
658 406 753 474 verua,
770 407 892 465 nocebit.

255 478 399 531 Interdum
414 477 550 529 lacrimae
562 476 688 546 pondera
700 477 775 527 vocis
792 477 910 531 hahent.¹

218 550 277 602 Lux
289 548 373 599 etiam
384 546 489 615 caeptis
500 546 587 597 facita
601 546 676 602 hona
691 546 793 596 talibus
812 546 897 599 adsit:

152 618 204 674 160
217 649 221 661 r
255 621 384 686 Horaque
399 615 576 682 conveniens,
594 614 802 683 auspiciumque
814 616 919 668 favent.

219 686 273 740 Sed
286 686 362 755 prius
373 686 503 753 imposito
522 684 624 735 sanctia
636 684 767 734 altaribus
778 683 846 755 igni,

253 758 327 807 Tura
340 754 385 805 fer
404 753 440 805 ad
453 765 570 823 magnes
586 753 706 821 vinaque
719 769 789 822 pura
801 753 877 806 deor.

219 827 242 880 E
255 825 353 894 quibua
366 829 430 895 ante
444 839 540 874 omnes
553 827 707 892 mrguatum
716 837 821 873 numen
834 822 931 889 adora,

215 949 218 956 ,
252 891 473 962 Progeniemqua
485 891 570 961 piam,
593 891 815 961 participemque
832 891 899 943 tori.

151 959 203 1019 165
221 961 281 1016 Sint
294 961 403 1013 utinam
417 962 498 1012 mites
513 960 596 1012 solito
609 960 662 1011 sibi
673 969 770 1022 more:
788 969 908 1029 tuasque
948 991 950 994 -

252 1033 316 1085 Nou
332 1030 408 1084 duria
425 1030 556 1084 lacrimas
567 1028 692 1080 vultibus
714 1028 878 1099 adspiciunt.

550 1133 747 1161 m

407 1197 772 1268 EPISTULA
834 1198 877 1266 Π.

488 1319 799 1390 acaria

221 1401 330 1511 Quam
342 1439 410 1521 legis
424 1455 441 1491 a
460 1437 540 1490 nabis
554 1437 670 1490 missam
687 1437 750 1504 tibi,
769 1439 858 1503 Cotta,
887 1437 1015 1504 salutem,

264 1510 345 1561 Missa
356 1517 392 1559 ut
405 1516 437 1559 ut
450 1524 525 1572 vere,
542 1508 759 1577 perveniatque,
775 1522 890 1575 precam¹
1046 1527 1048 1530 ·

216 1581 343 1649 Namque
359 1578 429 1628 meis
440 1592 531 1644 sospes
544 1576 664 1628 multum
683 1576 852 1628 cruciatibus
875 1575 998 1642 aufem

253 1652 343 1717 thue
358 1647 393 1697 sit
408 1663 422 1697 e
435 1645 516 1697 nebia
525 1661 590 1714 pars
603 1645 678 1697 bona
697 1645 781 1709 salva,
799 1646 879 1700 facia.
1084 1649 1088 1652 ’

159 1717 161 1723 ’
183 1719 200 1772 5
219 1718 344 1786 Cumque
362 1714 457 1766 labent
472 1714 530 1779 alii,
559 1715 716 1783 iactataque
735 1715 800 1766 vela
821 1716 997 1785 relinquam

251 1787 294 1837 Tu
309 1784 419 1838 lacerae
432 1798 560 1835 remanes
573 1800 677 1835 ancora
689 1783 749 1834 sola
762 1783 826 1837 rati.

154 1889 157 1896 =
218 1857 306 1908 Grata
318 1861 367 1903 tua
379 1860 421 1903 ast
432 1849 519 1920 igitur
538 1852 641 1919 pietas:
678 1853 848 1922 ignoscimus
860 1853 928 1921 illis,

253 1921 306 1987 Qui
319 1938 384 1972 cum
396 1924 520 1972 Fortuna
530 1928 611 1990 terga
633 1921 735 1973 dedere
748 1922 843 2003 fugae.
909 1950 914 1960 x

218 1992 287 2046 Cum
299 1990 402 2042 feriant
413 2005 509 2055 unum,
530 2007 588 2042 non
604 2007 691 2042 unum
708 1990 828 2043 fulmina
841 1999 965 2056 terream

166 2065 201 2120 10
252 2064 404 2129 Iunctaque
417 2075 549 2126 percurro
566 2059 649 2111 turba
663 2076 766 2128 pavere
779 2060 860 2114 solet.

216 2131 285 2183 Cum
305 2146 341 2181 ua
360 2127 437 2181 dedit
451 2130 541 2196 paries
554 2137 691 2180 venturae
702 2129 781 2199 signa
796 2130 904 2198 ruinae,

253 2147 376 2251 Soiiicito
393 2214 498 2250 vacuus
510 2197 544 2248 fit
554 2196 632 2249 locus
645 2197 694 2249 ille
706 2206 792 2251 metu.

216 2267 284 2335 Quia
297 2285 354 2319 non
368 2283 384 2318 e
401 2263 505 2317 timidis
524 2266 601 2336 aegri
622 2267 753 2336 contagia
763 2266 849 2332 ridet,

250 2336 382 2389 Vicinum
392 2343 519 2387 metuens
533 2352 572 2387 ne
583 2336 679 2387 trahat
689 2336 755 2389 inde
766 2335 897 2388 malum?

165 2404 198 2463 15
215 2407 261 2459 Me
275 2421 385 2475 quoque
403 2404 560 2460 amicorum
576 2405 665 2457 nimio
685 2413 795 2457 terrore
806 2414 962 2476 metatque‚'

250 2476 313 2526 Non
327 2473 401 2539 odi05
419 2473 533 2543 quidam
550 2473 700 2525 destituere
715 2474 781 2526 mei.

200 2541 279 2600 ¹Non
290 2542 345 2594 illis
358 2542 456 2611 pietas,
479 2555 538 2594 non
555 2543 682 2595 officiosa
696 2542 826 2596 voluntas·

248 2611 347 2664 Defuit
364 2611 493 2663 adversus
513 2613 668 2664 extimuere
689 2611 764 2665 deos.

215 2685 308 2752 thue
320 2697 367 2732 ma
390 2680 409 2731 's
424 2680 498 2733 cauti
510 2690 627 2749 possunt
641 2680 792 2751 timidique
803 2680 904 2749 videri,

163 2754 201 2809 20
250 2697 443 2820 δίο-αρρὲῐαὶί
465 2766 523 2801 uon
535 2767 665 2803 meruere
678 2749 755 2802 maii.

213 2823 250 2872 At
266 2836 344 2871 meus
360 2828 471 2871 excusat
489 2836 569 2871 caros
584 2820 625 2872 ita
645 2819 751 2871 candor
771 2818 894 2881 amicos;

248 2892 343 2958 thue
351 2888 473 2941 habeant
487 2888 579 2942 deme
593 2888 710 2942 crimina
725 2887 811 2949 nulla,
835 2885 923 2940 favet.

214 2956 275 3009 sint
288 2958 340 3010 hac
354 2957 582 3024 contentivam,
606 2959 772 3030 signentque
789 2956 897 3025 licebit,

248 3027 483 3097 Purgarifactum
502 3043 549 3079 me
561 3043 673 3109 quaque
687 3034 756 3078 teate
767 3041 859 3078 mum.

161 3095 196 3151 25
211 3095 277 3147 Para
290 3097 354 3146 estis
364 3096 447 3163 pauci
460 3096 563 3163 potior,
588 3114 635 3165 qiu
652 3095 735 3148 rebus
747 3095 776 3147 in
792 3095 861 3145 artis

248 3165 331 3214 Ferre
343 3164 412 3214 mihi
424 3164 531 3216 nullam
546 3173 630 3233 turpe
646 3163 762 3233 putastis
784 3179 877 3231 opem.

212 3232 292 3284 Tunc
305 3230 391 3298 igitur
404 3233 497 3282 meriti
514 3234 652 3285 morietur
665 3233 755 3303 gratia
769 3231 870 3298 vestri,-

249 3300 318 3347 Cum
330 3296 398 3347 cinis
413 3298 540 3351 absumta
556 3317 675 3370 corpore
689 3302 780 3353 factm
795 3317 855 3355 ero.

211 3365 313 3431 Fallar,
332 3373 360 3416 et
372 3364 421 3417 illa
433 3382 512 3418 meae
527 3371 674 3439 superabit
680 3379 810 3440 tempora
825 3368 917 3434 vitae;
988 3410 992 3417 .
