2334 3842
325 166 677 285 fraudatum.
696 228 728 285 V.

54 392 79 466 P
80 418 166 462 ostem
184 421 250 460 cunt
265 420 376 458 roseam
380 382 476 526 (yiulsis
492 404 657 476 Hyperionis
669 406 750 462 astri·

86 483 113 530 tn
126 475 271 529 matutinis
283 474 379 545 lampa
399 491 421 526 a·
427 474 502 527 tollit
516 476 607 545 equis;

55 546 173 618 Frigidus
187 551 316 616 Argestes
327 561 448 596 summas
462 544 599 596 mulcebit
612 542 719 614 aristas,

85 614 260 683 Candidaque
272 630 288 665 a
300 613 420 665 Calabris
432 612 493 664 vela
507 612 648 666 dabuntur
661 614 749 685 aquis.

55 690 86 738 tt
96 684 180 736 simul
191 683 329 735 inducunt
342 682 460 735 obscura
473 683 637 752 crepuscula
651 693 782 751 noctenn

84 757 145 806 Pars
158 752 288 822 Hyadum
299 759 360 804 toto
375 750 410 802 de
426 762 512 821 grege
525 751 604 803 nulla
616 752 696 806 latet.

57 824 105 875 Ora
117 822 226 874 micant
237 821 323 872 Tauri
332 828 441 889 septem
455 820 593 872 radiantia
606 820 740 891 flammis,

84 891 181 945 Navita
232 902 260 941 as
273 888 382 959 Hyadas
400 889 499 941 Graius
513 889 547 941 eh
559 889 651 942 imbre
662 901 754 948 vocat.

56 960 113 1014 I'ars
130 908 272 1012 Baodiiimr
287 958 405 1010 nutrisse
417 966 508 1027 putat:
526 975 591 1027 pars
604 958 723 1014 credidit
740 977 799 1015 esse

83 1029 201 1098 Tethyos
214 1028 264 1079 has
278 1036 388 1096 neptes,
407 1026 565 1098 Oceanique
578 1027 660 1081 senis.

57 1097 180 1151 Nondum
189 1096 282 1149 stabat
293 1095 381 1162 Atlas,
399 1097 529 1148 humeros
543 1104 673 1149 oneratus
685 1097 818 1169 Olymp03

86 1169 152 1220 Cum
163 1175 237 1218 satus
251 1174 292 1217 est
302 1165 396 1216 forma
408 1164 618 1234 conspiciendus
632 1166 655 1216 H
675 1182 714 1219 as.

58 1235 129 1288 Hunc
141 1236 227 1304 stirps
242 1236 340 1286 Oceani
356 1234 473 1285 maturis
487 1233 590 1285 nisibus
607 1183 709 1286 Aethra
757 1236 759 1243 ⁴

85 1304 189 1371 Edidit,
208 1308 237 1356 et
246 1303 403 1372 Nymphas:
423 1302 471 1354 sed
478 1303 563 1422 ¹prior
575 1311 653 1354 ortus
665 1305 748 1372 Hyas.

57 1373 122 1426 uum
133 1389 206 1425 nova
217 1372 334 1440 lanug03
352 1370 466 1441 pavidos
492 1370 630 1423 ormidine
644 1388 742 1425 cervos

85 1446 199 1509 Terret,
217 1449 245 1494 et
260 1449 302 1493 est
316 1440 358 1492 flli
370 1440 476 1510 praeda
488 1440 609 1510 benigna
623 1440 712 1510 lepus.

57 1515 87 1563 at
97 1520 244 1582 postquam
253 1510 341 1562 virtus
354 1509 432 1561 annis
447 1508 581 1573 adolevit3
598 1509 626 1560 in
641 1525 723 1579 apros

26 1596 27 1645 t
86 1579 187 1646 Audet,
206 1587 235 1631 et
245 1578 363 1630 hirsutas
379 1578 504 1631 cominus
518 1578 560 1629 ire
573 1577 658 1633 feras.

26 1648 27 1707 ἕ
57 1648 175 1720 Dumque
187 1648 258 1730 petit
269 1647 390 1700 latebras
403 1646 477 1699 fetae
489 1647 595 1699 catulos
636 1664 652 1699 a
668 1647 799 1716 leaenae;

26 1716 27 1729 ¹
86 1722 143 1788 Ipse
154 1718 210 1769 furt
222 1716 343 1785 Libycae
355 1716 460 1786 praeda
475 1725 592 1768 cruenta
616 1732 674 1769 eae.

26 1790 27 1845 ἶ
58 1786 138 1839 Mater
150 1791 244 1855 Hyan,
263 1794 291 1838 et
304 1789 383 1905 Hyan
396 1793 520 1838 moestae
533 1786 639 1837 flevere
653 1800 772 1855 sorores,

26 1866 27 1869 ’
88 1855 281 1924 Cervicemque
292 1872 329 1925 po
343 1871 359 1905 ο
373 1855 563 1923 suppositurus
577 1854 659 1907 Atlas.

26 1926 27 1931 ’
59 1923 142 1977 Victus
156 1932 276 1993 uterque
289 1940 391 2044 ferens
405 1933 500 1975 tamen
513 1931 554 1975 est
566 1923 669 1992 pietate
684 1940 822 1980 sororum.

87 1993 134 2046 Illa
146 1993 224 2045 dedit
236 2009 287 2044 coe
300 2010 363 2044 um:
379 1993 493 2044 nomina
505 1991 575 2043 fecit
587 1994 668 2061 Hyas.

26 2072 27 2075 ’
59 2061 152 2124 Mater,
171 2061 252 2129 ades,
270 2056 391 2128 florum,
408 2060 478 2113 ludis
492 2060 633 2113 celebrata
645 2059 761 2116 iocosis:

87 2130 250 2212 [distuleram
264 2140 363 2211 partes·
372 2147 468 2210 mense
480 2129 574 2198 priore
588 2137 659 2210 tuas.
806 2137 809 2143 '

59 2199 421 2340 miiairiiiig'iffi
433 2198 719 2334 {hhpiissffiha

26 2384 27 2411 ,
61 2336 120 2389 Cum
129 2347 176 2390 tua
188 2338 259 2403 sint,
277 2337 378 2391 cedant
418 2336 495 2388 etihi
509 2335 631 2387 confinia
642 2351 783 2404 mensum3

26 2432 27 2459 i
89 2407 216 2459 Convenit
227 2407 257 2457 in
268 2405 363 2458 laudes
376 2407 386 2457 i
410 2421 425 2456 e
437 2404 482 2457 vel
495 2405 548 2457 iste
560 2414 631 2457 tuas.

26 2464 27 2489 ¹
61 2471 144 2527 Circus
154 2476 183 2528 in
194 2476 270 2527 huno
283 2476 351 2542 exit,
371 2473 545 2544 clamataque
560 2474 654 2544 palma
667 2473 796 2527 theatris:
812 2522 814 2527 ,

89 2545 143 2597 Hoc
156 2560 268 2615 quoque
279 2561 344 2596 oum
359 2544 431 2595 Circi
440 2557 562 2596 munere
571 2554 694 2597 'carmen
707 2550 763 2596 eat.

61 2612 114 2680 Ipsa
125 2613 193 2664 doce
206 2628 277 2683 quae
289 2614 339 2664 sis:
355 2612 501 2664 hominum
511 2611 648 2664 sententia
660 2611 755 2666 fallax.

89 2681 192 2750 Optima
204 2690 236 2733 tu
247 2681 354 2751 proprii
366 2680 487 2732 nominis
500 2684 600 2732 auctor
612 2679 674 2733 eris.
716 2690 719 2694 ’

62 2745 100 2800 Sic
110 2765 173 2820 ego,
189 2751 229 2803 sio
240 2749 343 2803 nostris
355 2749 498 2820 respondit
509 2746 577 2801 Diva
588 2748 707 2820 rogatis3

89 2817 155 2870 Dum
169 2819 310 2889 loquitur,
328 2835 425 2879 ternas
439 2818 518 2871 efflat
531 2819 566 2871 ab
581 2834 631 2872 ore
644 2830 730 2869 rosas.

63 2881 155 2938 Chloris
168 2904 260 2955 eram,
278 2904 350 2958 quae
360 2888 441 2947 Flora
453 2905 548 2941 vocor.
582 2889 720 2955 Corrupta
730 2882 829 2940 Latino
914 2884 927 2947 ’,

91 2956 208 3008 Nominis
221 2966 263 3010 est
274 2957 364 3009 nostri
375 2956 470 3009 littera
483 2956 590 3008 Graeca
600 2971 678 3008 sono.
922 2960 928 2971 ”

26 3080 27 3087 χ
64 3019 156 3076 Chloris
166 3041 255 3091 eram,
273 3025 401 3096 Nymphe
412 3026 504 3094 campi
516 3025 621 3093 felicis,
638 3021 688 3076 ubi
700 3018 778 3076 audis

26 3132 27 3139 ,
93 3093 155 3144 Rem
166 3094 314 3147 fortunatis
326 3104 389 3146 ante
404 3095 488 3147 fuisse
499 3094 574 3146 viris.
618 3103 619 3106 ’
714 3154 716 3159 ,
831 3099 837 3105 '

26 3164 28 3221 ζ
64 3158 132 3222 Quae
143 3162 226 3215 fuerit
240 3163 311 3216 mihi
321 3164 428 3229 forma,
449 3179 533 3233 grave
544 3158 881 3217 estuarrasemodestae:
923 3208 926 3213 ,

26 3240 27 3303 y
95 3229 142 3281 Sed
153 3249 284 3302 generum
296 3233 383 3301 matri
393 3233 498 3300 reperit
510 3231 560 3283 illa
575 3229 668 3299 deu‘m.
947 3229 1000 3285 200

26 3320 27 3331 ¹
65 3294 115 3349 Ver
126 3309 193 3356 erat:
209 3303 348 3381 errabam.
368 3301 520 3372 ¹Zephyrus
533 3301 689 3372 conspexit3
707 3297 826 3353 abibam.
917 3364 922 3375 Ι
