2334 3842
144 225 186 292 58
415 231 447 285 a.
467 224 829 286 ov1a11uss0u1s

212 377 293 429 Sorte
309 372 365 428 tari
378 372 511 447 gaudeus,
536 373 609 440 Quid
625 374 730 427 flebam
747 375 863 445 rustica,
885 373 975 429 dixit?

95 482 100 498 ,
246 444 359 496 Utiliter
374 445 455 497 nobis
472 444 593 515 perfidus
610 445 658 496 ille
675 445 739 498 fuit.

143 512 194 571 466
211 516 321 571 Interea
337 514 430 579 Liber,
448 513 567 584 depexus
582 515 715 582 crinibus,
740 512 824 567 Indos

246 583 350 649 Vincit,
368 592 396 635 et
408 586 465 636 an
484 583 560 636 divas
578 584 614 635 ab
632 584 700 636 orbe
716 584 802 638 venit.

211 656 289 706 Inter
305 651 428 721 captivas
447 652 520 706 facia
540 662 700 723 praestante
715 652 822 723 puellas

245 724 332 774 Grata
344 721 426 775 nimis
439 722 547 775 Baccha
565 722 624 774 filia
643 721 717 794 regis
735 730 803 774 erat.

209 791 308 844 Flebat
321 807 416 843 amans
431 792 541 859 coniux,
576 792 750 862 spatiataque
767 791 864 844 littore
875 807 963 846 cuna

141 861 195 917 470
244 859 340 913 Edidit
352 860 465 913 incultis
478 861 547 913 talia
563 862 651 914 verba
665 861 770 913 comis:
886 912 889 930 1

210 928 364 982 Eniterum
379 929 492 995 similes,
509 931 622 994 fluctus,
640 931 734 983 audite
750 928 894 1000 querelas:
911 939 917 953 '

243 1000 285 1050 En
300 998 405 1052 iterum
414 999 544 1053 lacrimas
556 1001 662 1069 accipe,
680 1016 773 1061 arena,
791 1015 878 1052 meas.

208 1065 353 1134 Dicebam,
376 1069 512 1135 memimi‚
535 1070 649 1139 periure
664 1078 692 1121 et
706 1068 811 1139 perfide
830 1068 947 1123 Theseu

243 1136 295 1189 Ille
310 1137 394 1191 abiit:
420 1139 520 1191 eadem
535 1136 655 1193 crimina
664 1138 787 1190 Bacchus
799 1137 893 1191 habet.

139 1208 192 1264 475
208 1206 291 1259 Nunc
305 1223 418 1288 quoque
437 1208 516 1262 nulla
526 1208 597 1275 'vira‚
624 1208 769 1275 clamabo,
786 1206 894 1259 femina
908 1206 1016 1264 credat.

242 1277 363 1329 Nomine
375 1285 484 1330 mutato
498 1295 582 1331 causa
593 1277 682 1330 relata
699 1293 763 1329 mea
782 1284 832 1329 est.

209 1346 354 1398 Outinam
365 1362 429 1400 mea
440 1363 510 1414 sors,
528 1365 584 1417 qua
601 1348 726 1417 primum
742 1362 792 1398 coa
814 1351 882 1411 erat,
899 1343 980 1398 isset!

242 1417 359 1485 lamque
381 1433 434 1487 ego
447 1417 588 1498 praesenti
604 1427 732 1486 tempore
753 1433 771 1467 n
815 1432 832 1466 a
853 1414 963 1467 forem!

208 1483 282 1549 Quid
295 1500 342 1537 me
355 1484 470 1538 desertrs
492 1482 655 1567 perituram,
680 1485 774 1550 Liber,
800 1482 891 1536 arenis

138 1550 192 1608 480
245 1554 399 1606 servabas?
449 1564 508 1606 atur
520 1554 676 1607 dedoluisse
690 1552 785 1606 semel.

206 1621 315 1675 Bacche
332 1623 409 1691 levis,
428 1571 576 1702 leviorque
587 1624 642 1675 tuis
657 1639 728 1694 quae
740 1632 871 1691 tempora
888 1620 1012 1693 cingtmt,

242 1691 407 1759 Fraudibus,
424 1691 454 1744 in
468 1692 601 1745 lacrimas
617 1692 727 1765 cognite
747 1691 855 1744 Bacche
876 1707 964 1758 meas,

207 1764 295 1813 Ausus
312 1776 340 1812 es
355 1769 419 1813 ante
434 1761 532 1814 oculos
546 1762 668 1814 adducta
686 1761 786 1831 pellice
800 1767 911 1812 nostras

242 1831 313 1882 Tam
327 1830 399 1882 bene
413 1831 601 1900 compositum
619 1831 771 1884 sollicitare
783 1826 899 1882 torum?

137 1897 191 1961 486
206 1900 268 1951 Heu
282 1898 331 1951 ubi
344 1907 427 1968 pacta
439 1899 529 1953 fides?
546 1899 605 1968 ubi,
627 1917 698 1970 quae
711 1901 805 1952 iurare
820 1896 949 1950 solebas?

242 1969 287 2039 Me
303 1967 445 2036 miseram,
464 1969 572 2041 quoties
589 1969 660 2023 haec
677 1987 729 2051 ega
747 1967 832 2022 verba
845 1966 961 2036 loquor!

207 2036 315 2091 'lbesea
334 2037 476 2108 culpabas,
498 2038 687 2110 fallacemque
701 2055 760 2108 ipse
778 2035 915 2090 vacabas:

241 2105 347 2167 Iudicio
364 2124 465 2177 peccas
489 2109 597 2178 turpius
616 2109 675 2178 ipse
690 2116 749 2161 tuo.

206 2176 332 2235 Nesciat
346 2176 401 2230 hoc
461 2177 579 2249 isquam,
603 2177 750 2249 tacitisque
767 2173 911 2228 doloribus
926 2189 1007 2238 utun

136 2244 190 2302 ‘lm
240 2246 282 2298 Ne
293 2246 403 2313 totiesf
440 2248 449 2299 i
463 2247 548 2318 digua
560 2247 647 2300 fuisse
663 2257 755 2316 puter.

205 2315 358 2384 Praecipue
373 2317 483 2385 cupiam
496 2317 584 2369 celari
601 2317 722 2380 'lbesea3
747 2330 783 2367 ne
793 2323 822 2368 te

240 2384 405 2438 Consortem
420 2385 520 2455 culpae
531 2385 654 2457 gaudeat
665 2401 723 2437 esse
736 2402 810 2437 suae.

203 2455 248 2520 st,
272 2462 351 2523 puto,
368 2456 529 2524 praeposita
542 2463 583 2506 est
595 2455 693 2507 fuscae
707 2455 776 2507 mihi
790 2449 908 2507 candida
919 2450 1025 2522 pellex.

240 2523 355 2589 Eveniat
366 2523 468 2577 nostris
486 2521 613 2576 hostibus
624 2523 673 2577 ille
691 2523 780 2577 color.

135 2589 188 2652 495
206 2591 279 2657 Quid
293 2598 390 2644 tamen
408 2589 463 2645 hoo
481 2592 579 2665 refert,
598 2593 665 2647 vitia
684 2593 706 2645 si
723 2591 831 2662 gratior
847 2590 907 2660 ipsa
931 2589 995 2642 est?

240 2660 315 2724 Quid
327 2660 418 2714 facis?
442 2662 585 2730 amplexus
598 2663 727 2733 inquinat
744 2662 794 2713 illa
807 2669 879 2712 tuos.

205 2729 321 2796 llacche,
339 2730 427 2784 fidem
438 2739 564 2801 praesta3
588 2749 642 2785 nec
652 2730 765 2802 praefer
782 2727 925 2782 amoribus
939 2726 1025 2781 ullam

239 2799 378 2870 Coniugis,
394 2809 518 2853 assuetae
534 2818 645 2870 semper
662 2817 757 2853 amare
769 2801 871 2851 virum.

204 2867 343 2938 (leperunt
359 2879 480 2923 matrem
494 2869 614 2923 formosi
626 2888 733 2924 cornua
746 2869 834 2921 tauri:

135 2939 187 2995 500
238 2939 283 2989 Me
295 2946 360 2990 tua:
380 2948 409 2992 at
424 2940 470 2993 hic
483 2939 560 2993 laudi
578 2948 632 3006 est,
663 2939 711 2991 ille
724 2937 868 3008 pudendus
883 2953 973 2989 amor.

202 3007 246 3060 Ne
258 3015 368 3073 noceat,
383 3004 544 3078 quadamo:
562 3009 737 3078 nequeenim
748 3007 809 3074 tibi,
827 3007 946 3072 Bacche,
963 3002 1085 3065 nocebat,

239 3075 322 3140 Quod
334 3076 462 3128 flammas
473 3078 554 3130 nohis
567 3078 657 3130 lassus
672 3095 700 3130 es
715 3077 774 3148 ipse
786 3086 854 3128 tuas.

203 3145 272 3207 Nec,
291 3145 367 3214 quad
378 3163 429 3197 nas
442 3148 512 3214 uris,
531 3149 637 3199 mirum
650 3147 742 3201 factis.
778 3150 859 3198 Ortus
872 3142 902 3195 in
917 3142 983 3215 igne

239 3212 355 3280 Diceris,
374 3222 403 3266 et
416 3215 507 3283 patria
525 3226 621 3285 raptas
635 3217 670 3268 ab
690 3217 756 3287 igne
768 3232 863 3268 manu.

135 3282 186 3341 605
202 3281 253 3334 llle
268 3297 320 3351 ego
332 3299 408 3349 sum,
432 3283 478 3335 oui
489 3293 521 3336 tu
535 3284 632 3337 solitus
650 3285 816 3359 promittere
834 3280 954 3338 coelum.

202 3352 264 3404 lieu
280 3350 358 3421 mihi,
375 3369 428 3422 pro
447 3353 527 3407 caelo
546 3354 640 3427 qualia
657 3356 731 3409 dona
748 3355 827 3408 lerol
