<?xml version="1.0" encoding="UTF-8"?>
<!DOCTYPE html PUBLIC "-//W3C//DTD XHTML 1.0 Transitional//EN"
    "http://www.w3.org/TR/xhtml1/DTD/xhtml1-transitional.dtd">
<html xmlns="http://www.w3.org/1999/xhtml" xml:lang="en" lang="en">
 <head>
  <title>
</title>
<meta http-equiv="Content-Type" content="text/html;charset=utf-8" />
  <meta name='ocr-system' content='tesseract 3.04.00' />
  <meta name='ocr-capabilities' content='ocr_page ocr_carea ocr_par ocr_line ocrx_word'/>
</head>
<body>
  <div class='ocr_page' id='page_1' title='image "./operaomnia00unkngoog/operaomnia00unkngoog_0072.png"; bbox 0 0 2334 3842; ppageno 0'>
   <div class='ocr_carea' id='block_1_1' title="bbox 127 217 818 327">
    <p class='ocr_par' dir='ltr' id='par_1_1' title="bbox 127 217 818 327">
     <span class='ocr_line' id='line_1_1' title="bbox 127 217 818 327; baseline -0.007 -29"><span class='ocrx_word' id='word_1_1' title='bbox 127 234 171 298; x_wconf 78' lang='grc'>,64</span> <span class='ocrx_word' id='word_1_2' title='bbox 216 217 217 220; x_wconf 57' lang='lat'>‘</span> <span class='ocrx_word' id='word_1_3' title='bbox 388 238 420 292; x_wconf 74' lang='lat' dir='ltr'>e.</span> <span class='ocrx_word' id='word_1_4' title='bbox 444 238 598 327; x_wconf 78' lang='lat' dir='ltr'>ovrurr</span> <span class='ocrx_word' id='word_1_5' title='bbox 618 238 818 311; x_wconf 75' lang='lat' dir='ltr'>ursours</span> 
     </span>
    </p>
   </div>
   <div class='ocr_carea' id='block_1_2' title="bbox 121 381 1162 3423">
    <p class='ocr_par' dir='ltr' id='par_1_2' title="bbox 121 381 1162 3423">
     <span class='ocr_line' id='line_1_2' title="bbox 127 381 923 458; baseline 0.009 -23"><span class='ocrx_word' id='word_1_6' title='bbox 127 383 179 441; x_wconf 79' lang='lat'>726</span> <span class='ocrx_word' id='word_1_7' title='bbox 197 381 332 436; x_wconf 85' lang='lat' dir='ltr'>Carminis</span> <span class='ocrx_word' id='word_1_8' title='bbox 344 382 427 437; x_wconf 91' lang='lat' dir='ltr'>huius</span> <span class='ocrx_word' id='word_1_9' title='bbox 439 400 517 453; x_wconf 87' lang='lat' dir='ltr'>opus,</span> <span class='ocrx_word' id='word_1_10' title='bbox 536 400 632 439; x_wconf 80' lang='lat' dir='ltr'>causas</span> <span class='ocrx_word' id='word_1_11' title='bbox 646 400 818 454; x_wconf 75' lang='lat' dir='ltr'>expromere,</span> <span class='ocrx_word' id='word_1_12' title='bbox 836 402 923 458; x_wconf 86' lang='lat' dir='ltr'>quare</span> 
     </span>
     <span class='ocr_line' id='line_1_3' title="bbox 193 453 798 522; baseline 0 -15"><span class='ocrx_word' id='word_1_13' title='bbox 193 488 197 493; x_wconf 89' lang='lat'><em>-</em></span> <span class='ocrx_word' id='word_1_14' title='bbox 229 453 299 507; x_wconf 60' lang='lat' dir='ltr'>vilis</span> <span class='ocrx_word' id='word_1_15' title='bbox 309 471 377 506; x_wconf 88' lang='lat' dir='ltr'>anus</span> <span class='ocrx_word' id='word_1_16' title='bbox 391 455 509 522; x_wconf 88' lang='lat' dir='ltr'>populos</span> <span class='ocrx_word' id='word_1_17' title='bbox 524 455 558 506; x_wconf 91' lang='lat' dir='ltr'>ad</span> <span class='ocrx_word' id='word_1_18' title='bbox 574 471 624 506; x_wconf 90' lang='lat' dir='ltr'>sua</span> <span class='ocrx_word' id='word_1_19' title='bbox 637 455 696 506; x_wconf 88' lang='lat' dir='ltr'>liba</span> <span class='ocrx_word' id='word_1_20' title='bbox 708 465 798 507; x_wconf 84' lang='lat' dir='ltr'>vocet.</span> 
     </span>
     <span class='ocr_line' id='line_1_4' title="bbox 197 523 859 591; baseline 0.002 -16"><span class='ocrx_word' id='word_1_21' title='bbox 197 527 270 575; x_wconf 81' lang='lat' dir='ltr'>Ante</span> <span class='ocrx_word' id='word_1_22' title='bbox 283 532 347 575; x_wconf 88' lang='lat' dir='ltr'>tuos</span> <span class='ocrx_word' id='word_1_23' title='bbox 363 531 441 574; x_wconf 87' lang='lat' dir='ltr'>ortus</span> <span class='ocrx_word' id='word_1_24' title='bbox 455 539 518 574; x_wconf 85' lang='lat' dir='ltr'>arae</span> <span class='ocrx_word' id='word_1_25' title='bbox 535 523 594 575; x_wconf 88' lang='lat' dir='ltr'>sine</span> <span class='ocrx_word' id='word_1_26' title='bbox 609 524 717 575; x_wconf 87' lang='lat' dir='ltr'>honore</span> <span class='ocrx_word' id='word_1_27' title='bbox 734 524 859 591; x_wconf 84' lang='lat' dir='ltr'>fuerunt,</span> 
     </span>
     <span class='ocr_line' id='line_1_5' title="bbox 232 591 845 662; baseline 0.003 -19"><span class='ocrx_word' id='word_1_28' title='bbox 232 591 324 657; x_wconf 89' lang='lat' dir='ltr'>Liber,</span> <span class='ocrx_word' id='word_1_29' title='bbox 343 592 413 643; x_wconf 89' lang='lat' dir='ltr'>etin</span> <span class='ocrx_word' id='word_1_30' title='bbox 426 591 525 662; x_wconf 84' lang='lat' dir='ltr'>gelidis</span> <span class='ocrx_word' id='word_1_31' title='bbox 539 593 628 644; x_wconf 88' lang='lat' dir='ltr'>herba</span> <span class='ocrx_word' id='word_1_32' title='bbox 639 591 752 661; x_wconf 78' lang='lat' dir='ltr'>reperta</span> <span class='ocrx_word' id='word_1_33' title='bbox 765 593 845 646; x_wconf 87' lang='lat' dir='ltr'>focis.</span> 
     </span>
     <span class='ocr_line' id='line_1_6' title="bbox 197 661 929 732; baseline 0.004 -19"><span class='ocrx_word' id='word_1_34' title='bbox 197 663 236 713; x_wconf 90' lang='lat' dir='ltr'>Te</span> <span class='ocrx_word' id='word_1_35' title='bbox 250 669 417 725; x_wconf 87' lang='lat' dir='ltr'>memorant,</span> <span class='ocrx_word' id='word_1_36' title='bbox 436 664 530 732; x_wconf 86' lang='lat' dir='ltr'>Gange</span> <span class='ocrx_word' id='word_1_37' title='bbox 547 670 665 731; x_wconf 92' lang='lat' dir='ltr'>totoque</span> <span class='ocrx_word' id='word_1_38' title='bbox 681 661 792 714; x_wconf 81' lang='lat' dir='ltr'>Oriente</span> <span class='ocrx_word' id='word_1_39' title='bbox 805 664 929 726; x_wconf 88' lang='lat' dir='ltr'>subacto,</span> 
     </span>
     <span class='ocr_line' id='line_1_7' title="bbox 128 728 724 800; baseline -0.007 -14"><span class='ocrx_word' id='word_1_40' title='bbox 128 729 181 788; x_wconf 73' lang='lat'>73⁰</span> <span class='ocrx_word' id='word_1_41' title='bbox 230 728 368 781; x_wconf 91' lang='lat' dir='ltr'>Primitias</span> <span class='ocrx_word' id='word_1_42' title='bbox 378 742 480 800; x_wconf 78' lang='lat' dir='ltr'>magno</span> <span class='ocrx_word' id='word_1_43' title='bbox 495 732 646 800; x_wconf 85' lang='lat' dir='ltr'>seposuisse</span> <span class='ocrx_word' id='word_1_44' title='bbox 656 731 724 783; x_wconf 85' lang='lat' dir='ltr'>lovi.</span> 
     </span>
     <span class='ocr_line' id='line_1_8' title="bbox 199 798 870 869; baseline 0.003 -19"><span class='ocrx_word' id='word_1_45' title='bbox 199 798 331 850; x_wconf 81' lang='lat' dir='ltr'>cinnama</span> <span class='ocrx_word' id='word_1_46' title='bbox 342 806 373 849; x_wconf 84' lang='lat' dir='ltr'>tu</span> <span class='ocrx_word' id='word_1_47' title='bbox 385 800 492 867; x_wconf 89' lang='lat' dir='ltr'>primus</span> <span class='ocrx_word' id='word_1_48' title='bbox 506 800 670 869; x_wconf 87' lang='lat' dir='ltr'>captivaque</span> <span class='ocrx_word' id='word_1_49' title='bbox 683 809 747 852; x_wconf 90' lang='lat' dir='ltr'>tura</span> <span class='ocrx_word' id='word_1_50' title='bbox 759 798 870 866; x_wconf 84' lang='lat' dir='ltr'>dedisti,</span> 
     </span>
     <span class='ocr_line' id='line_1_9' title="bbox 234 868 815 937; baseline 0.009 -19"><span class='ocrx_word' id='word_1_51' title='bbox 234 869 329 936; x_wconf 87' lang='lat' dir='ltr'>Deque</span> <span class='ocrx_word' id='word_1_52' title='bbox 344 868 519 937; x_wconf 85' lang='lat' dir='ltr'>triumphato</span> <span class='ocrx_word' id='word_1_53' title='bbox 530 870 639 921; x_wconf 84' lang='lat' dir='ltr'>viscera</span> <span class='ocrx_word' id='word_1_54' title='bbox 651 878 725 920; x_wconf 88' lang='lat' dir='ltr'>tosta</span> <span class='ocrx_word' id='word_1_55' title='bbox 733 870 815 923; x_wconf 81' lang='lat' dir='ltr'>bove.</span> 
     </span>
     <span class='ocr_line' id='line_1_10' title="bbox 197 935 899 1005; baseline 0.001 -16"><span class='ocrx_word' id='word_1_56' title='bbox 197 935 317 989; x_wconf 87' lang='lat' dir='ltr'>Nomine</span> <span class='ocrx_word' id='word_1_57' title='bbox 330 936 364 987; x_wconf 88' lang='lat' dir='ltr'>ab</span> <span class='ocrx_word' id='word_1_58' title='bbox 381 939 502 989; x_wconf 89' lang='lat' dir='ltr'>auctoris</span> <span class='ocrx_word' id='word_1_59' title='bbox 518 938 625 991; x_wconf 90' lang='lat' dir='ltr'>ducunt</span> <span class='ocrx_word' id='word_1_60' title='bbox 639 937 774 990; x_wconf 84' lang='lat' dir='ltr'>libamina</span> <span class='ocrx_word' id='word_1_61' title='bbox 785 955 899 1005; x_wconf 87' lang='lat' dir='ltr'>nomeu,</span> 
     </span>
     <span class='ocr_line' id='line_1_11' title="bbox 121 1004 905 1076; baseline 0.006 -20"><span class='ocrx_word' id='word_1_62' title='bbox 121 1016 130 1024; x_wconf 80' lang='lat'><strong><em>‘</em></strong></span> <span class='ocrx_word' id='word_1_63' title='bbox 233 1004 373 1074; x_wconf 83' lang='lat' dir='ltr'>Libaque:</span> <span class='ocrx_word' id='word_1_64' title='bbox 391 1007 466 1076; x_wconf 90' lang='lat' dir='ltr'>quod</span> <span class='ocrx_word' id='word_1_65' title='bbox 478 1008 564 1059; x_wconf 84' lang='lat' dir='ltr'>sacris</span> <span class='ocrx_word' id='word_1_66' title='bbox 574 1024 639 1075; x_wconf 88' lang='lat' dir='ltr'>pars</span> <span class='ocrx_word' id='word_1_67' title='bbox 655 1008 736 1059; x_wconf 88' lang='lat' dir='ltr'>datur</span> <span class='ocrx_word' id='word_1_68' title='bbox 747 1007 812 1059; x_wconf 90' lang='lat' dir='ltr'>inde</span> <span class='ocrx_word' id='word_1_69' title='bbox 824 1006 905 1063; x_wconf 83' lang='lat' dir='ltr'>focis.</span> 
     </span>
     <span class='ocr_line' id='line_1_12' title="bbox 129 1073 824 1146; baseline -0.006 -16"><span class='ocrx_word' id='word_1_70' title='bbox 129 1074 181 1135; x_wconf 76' lang='lat'>735</span> <span class='ocrx_word' id='word_1_71' title='bbox 198 1074 268 1126; x_wconf 85' lang='lat' dir='ltr'>Liba</span> <span class='ocrx_word' id='word_1_72' title='bbox 281 1073 333 1126; x_wconf 91' lang='lat' dir='ltr'>deo</span> <span class='ocrx_word' id='word_1_73' title='bbox 350 1075 429 1140; x_wconf 85' lang='lat' dir='ltr'>liunt,</span> <span class='ocrx_word' id='word_1_74' title='bbox 448 1076 537 1128; x_wconf 85' lang='lat' dir='ltr'>succis</span> <span class='ocrx_word' id='word_1_75' title='bbox 553 1075 619 1146; x_wconf 88' lang='lat' dir='ltr'>quia</span> <span class='ocrx_word' id='word_1_76' title='bbox 635 1076 761 1128; x_wconf 85' lang='lat' dir='ltr'>dulcibus</span> <span class='ocrx_word' id='word_1_77' title='bbox 774 1075 824 1127; x_wconf 91' lang='lat' dir='ltr'>ille</span> 
     </span>
     <span class='ocr_line' id='line_1_13' title="bbox 235 1144 902 1215; baseline 0.009 -21"><span class='ocrx_word' id='word_1_78' title='bbox 235 1144 352 1212; x_wconf 83' lang='lat' dir='ltr'>Gaudet,</span> <span class='ocrx_word' id='word_1_79' title='bbox 372 1155 431 1199; x_wconf 88' lang='lat' dir='ltr'>eta</span> <span class='ocrx_word' id='word_1_80' title='bbox 445 1145 553 1197; x_wconf 88' lang='lat' dir='ltr'>Baccho</span> <span class='ocrx_word' id='word_1_81' title='bbox 568 1145 655 1196; x_wconf 89' lang='lat' dir='ltr'>mella</span> <span class='ocrx_word' id='word_1_82' title='bbox 669 1155 781 1215; x_wconf 85' lang='lat' dir='ltr'>reperta</span> <span class='ocrx_word' id='word_1_83' title='bbox 796 1146 902 1202; x_wconf 83' lang='lat' dir='ltr'>ferunt.</span> 
     </span>
     <span class='ocr_line' id='line_1_14' title="bbox 198 1212 851 1282; baseline 0.006 -19"><span class='ocrx_word' id='word_1_84' title='bbox 198 1212 259 1264; x_wconf 84' lang='lat' dir='ltr'>Ibat</span> <span class='ocrx_word' id='word_1_85' title='bbox 275 1230 392 1265; x_wconf 87' lang='lat' dir='ltr'>arenoso</span> <span class='ocrx_word' id='word_1_86' title='bbox 407 1215 512 1282; x_wconf 81' lang='lat' dir='ltr'>Satyris</span> <span class='ocrx_word' id='word_1_87' title='bbox 528 1215 679 1266; x_wconf 86' lang='lat' dir='ltr'>comitatus</span> <span class='ocrx_word' id='word_1_88' title='bbox 692 1216 728 1268; x_wconf 89' lang='lat' dir='ltr'>ab</span> <span class='ocrx_word' id='word_1_89' title='bbox 741 1216 851 1267; x_wconf 86' lang='lat' dir='ltr'>Hebro:</span> 
     </span>
     <span class='ocr_line' id='line_1_15' title="bbox 234 1282 1162 1352; baseline 0.002 -18"><span class='ocrx_word' id='word_1_90' title='bbox 234 1284 297 1334; x_wconf 90' lang='lat' dir='ltr'>Non</span> <span class='ocrx_word' id='word_1_91' title='bbox 312 1282 399 1334; x_wconf 85' lang='lat' dir='ltr'>habet</span> <span class='ocrx_word' id='word_1_92' title='bbox 411 1283 535 1352; x_wconf 80' lang='lat' dir='ltr'>ingratos</span> <span class='ocrx_word' id='word_1_93' title='bbox 556 1283 654 1335; x_wconf 87' lang='lat' dir='ltr'>fabula</span> <span class='ocrx_word' id='word_1_94' title='bbox 669 1293 764 1336; x_wconf 88' lang='lat' dir='ltr'>nostra</span> <span class='ocrx_word' id='word_1_95' title='bbox 776 1283 870 1336; x_wconf 84' lang='lat' dir='ltr'>iocos:</span> <span class='ocrx_word' id='word_1_96' title='bbox 1145 1322 1162 1349; x_wconf 48' lang='lat'>‚¹</span> 
     </span>
     <span class='ocr_line' id='line_1_16' title="bbox 200 1351 1162 1423; baseline 0.008 -20"><span class='ocrx_word' id='word_1_97' title='bbox 200 1353 313 1420; x_wconf 89' lang='lat' dir='ltr'>Iamque</span> <span class='ocrx_word' id='word_1_98' title='bbox 329 1361 389 1403; x_wconf 87' lang='lat' dir='ltr'>erat</span> <span class='ocrx_word' id='word_1_99' title='bbox 403 1353 438 1404; x_wconf 92' lang='lat' dir='ltr'>ad</span> <span class='ocrx_word' id='word_1_100' title='bbox 450 1353 614 1421; x_wconf 83' lang='lat' dir='ltr'>Rhodopen,</span> <span class='ocrx_word' id='word_1_101' title='bbox 630 1355 812 1423; x_wconf 79' lang='lat' dir='ltr'>Pangaeaque</span> <span class='ocrx_word' id='word_1_102' title='bbox 825 1351 928 1407; x_wconf 85' lang='lat' dir='ltr'>florida</span> <span class='ocrx_word' id='word_1_103' title='bbox 940 1361 1086 1411; x_wconf 78' lang='lat' dir='ltr'>ventum:</span> <span class='ocrx_word' id='word_1_104' title='bbox 1161 1362 1162 1367; x_wconf 77' lang='grc'>’</span> 
     </span>
     <span class='ocr_line' id='line_1_17' title="bbox 129 1419 1162 1489; baseline 0.006 -19"><span class='ocrx_word' id='word_1_105' title='bbox 129 1420 183 1481; x_wconf 78' lang='grc'>740</span> <span class='ocrx_word' id='word_1_106' title='bbox 234 1419 376 1475; x_wconf 81' lang='lat' dir='ltr'>Aeriferae</span> <span class='ocrx_word' id='word_1_107' title='bbox 392 1422 528 1473; x_wconf 86' lang='lat' dir='ltr'>comitum</span> <span class='ocrx_word' id='word_1_108' title='bbox 544 1439 735 1489; x_wconf 86' lang='lat' dir='ltr'>concrepuere</span> <span class='ocrx_word' id='word_1_109' title='bbox 748 1439 855 1475; x_wconf 85' lang='lat' dir='ltr'>manus.</span> <span class='ocrx_word' id='word_1_110' title='bbox 1161 1430 1162 1445; x_wconf 67' lang='lat'>¹</span> 
     </span>
     <span class='ocr_line' id='line_1_18' title="bbox 199 1490 894 1563; baseline 0.006 -22"><span class='ocrx_word' id='word_1_111' title='bbox 199 1491 271 1542; x_wconf 88' lang='lat' dir='ltr'>Ecce</span> <span class='ocrx_word' id='word_1_112' title='bbox 285 1507 374 1542; x_wconf 87' lang='lat' dir='ltr'>novae</span> <span class='ocrx_word' id='word_1_113' title='bbox 387 1494 491 1543; x_wconf 71' lang='lat' dir='ltr'>coelunt</span> <span class='ocrx_word' id='word_1_114' title='bbox 501 1490 630 1543; x_wconf 85' lang='lat' dir='ltr'>volucres</span> <span class='ocrx_word' id='word_1_115' title='bbox 645 1492 790 1543; x_wconf 80' lang='lat' dir='ltr'>tinnitibus</span> <span class='ocrx_word' id='word_1_116' title='bbox 801 1501 894 1563; x_wconf 81' lang='lat' dir='ltr'>actae:</span> 
     </span>
     <span class='ocr_line' id='line_1_19' title="bbox 235 1560 934 1634; baseline 0.01 -25"><span class='ocrx_word' id='word_1_117' title='bbox 235 1562 351 1628; x_wconf 88' lang='lat' dir='ltr'>Quaque</span> <span class='ocrx_word' id='word_1_118' title='bbox 361 1569 476 1611; x_wconf 86' lang='lat' dir='ltr'>movent</span> <span class='ocrx_word' id='word_1_119' title='bbox 489 1560 595 1611; x_wconf 88' lang='lat' dir='ltr'>sonitus</span> <span class='ocrx_word' id='word_1_120' title='bbox 608 1576 681 1625; x_wconf 85' lang='lat' dir='ltr'>aera,</span> <span class='ocrx_word' id='word_1_121' title='bbox 694 1569 849 1629; x_wconf 90' lang='lat' dir='ltr'>sequuntur</span> <span class='ocrx_word' id='word_1_122' title='bbox 860 1579 934 1634; x_wconf 85' lang='lat' dir='ltr'>apes.</span> 
     </span>
     <span class='ocr_line' id='line_1_20' title="bbox 199 1626 869 1697; baseline 0.009 -20"><span class='ocrx_word' id='word_1_123' title='bbox 199 1626 312 1697; x_wconf 81' lang='lat' dir='ltr'>Colligit</span> <span class='ocrx_word' id='word_1_124' title='bbox 324 1638 457 1694; x_wconf 88' lang='lat' dir='ltr'>errantes,</span> <span class='ocrx_word' id='word_1_125' title='bbox 478 1628 547 1680; x_wconf 90' lang='lat' dir='ltr'>etin</span> <span class='ocrx_word' id='word_1_126' title='bbox 560 1629 660 1680; x_wconf 89' lang='lat' dir='ltr'>arbore</span> <span class='ocrx_word' id='word_1_127' title='bbox 675 1629 781 1681; x_wconf 89' lang='lat' dir='ltr'>claudit</span> <span class='ocrx_word' id='word_1_128' title='bbox 792 1630 869 1683; x_wconf 83' lang='lat' dir='ltr'>inani</span> 
     </span>
     <span class='ocr_line' id='line_1_21' title="bbox 232 1696 925 1764; baseline 0.004 -16"><span class='ocrx_word' id='word_1_129' title='bbox 232 1696 332 1748; x_wconf 85' lang='lat' dir='ltr'>Liber:</span> <span class='ocrx_word' id='word_1_130' title='bbox 351 1697 381 1749; x_wconf 89' lang='lat' dir='ltr'>et&#39;</span> <span class='ocrx_word' id='word_1_131' title='bbox 391 1697 497 1749; x_wconf 87' lang='lat' dir='ltr'>inventi</span> <span class='ocrx_word' id='word_1_132' title='bbox 507 1697 633 1764; x_wconf 87' lang='lat' dir='ltr'>praemia</span> <span class='ocrx_word' id='word_1_133' title='bbox 644 1698 733 1749; x_wconf 88' lang='lat' dir='ltr'>mellis</span> <span class='ocrx_word' id='word_1_134' title='bbox 746 1699 840 1753; x_wconf 81' lang='lat' dir='ltr'>habet.</span> <span class='ocrx_word' id='word_1_135' title='bbox 922 1698 925 1701; x_wconf 78' lang='grc'><strong>’</strong></span> 
     </span>
     <span class='ocr_line' id='line_1_22' title="bbox 128 1764 871 1838; baseline -0.004 -15"><span class='ocrx_word' id='word_1_136' title='bbox 128 1766 180 1823; x_wconf 80' lang='grc'>745</span> <span class='ocrx_word' id='word_1_137' title='bbox 197 1767 235 1816; x_wconf 89' lang='lat' dir='ltr'>Ut</span> <span class='ocrx_word' id='word_1_138' title='bbox 251 1764 341 1833; x_wconf 86' lang='lat' dir='ltr'>Satyri</span> <span class='ocrx_word' id='word_1_139' title='bbox 355 1764 479 1833; x_wconf 88' lang='lat' dir='ltr'>levisque</span> <span class='ocrx_word' id='word_1_140' title='bbox 493 1782 577 1817; x_wconf 84' lang='lat' dir='ltr'>senex</span> <span class='ocrx_word' id='word_1_141' title='bbox 592 1768 710 1838; x_wconf 84' lang='lat' dir='ltr'>tetigere</span> <span class='ocrx_word' id='word_1_142' title='bbox 725 1785 871 1837; x_wconf 80' lang='lat' dir='ltr'>saporem3</span> 
     </span>
     <span class='ocr_line' id='line_1_23' title="bbox 234 1834 893 1904; baseline 0.012 -20"><span class='ocrx_word' id='word_1_143' title='bbox 234 1834 412 1895; x_wconf 84' lang='lat' dir='ltr'>Quaerebant</span> <span class='ocrx_word' id='word_1_144' title='bbox 428 1835 517 1886; x_wconf 87' lang='lat' dir='ltr'>flavos</span> <span class='ocrx_word' id='word_1_145' title='bbox 529 1852 580 1904; x_wconf 88' lang='lat' dir='ltr'>per</span> <span class='ocrx_word' id='word_1_146' title='bbox 594 1853 693 1888; x_wconf 89' lang='lat' dir='ltr'>nemus</span> <span class='ocrx_word' id='word_1_147' title='bbox 709 1854 792 1889; x_wconf 90' lang='lat' dir='ltr'>omne</span> <span class='ocrx_word' id='word_1_148' title='bbox 805 1838 893 1893; x_wconf 86' lang='lat' dir='ltr'>favos.</span> 
     </span>
     <span class='ocr_line' id='line_1_24' title="bbox 197 1902 836 1960; baseline 0.008 -6"><span class='ocrx_word' id='word_1_149' title='bbox 197 1902 282 1954; x_wconf 75' lang='lat' dir='ltr'>Audit</span> <span class='ocrx_word' id='word_1_150' title='bbox 294 1904 323 1954; x_wconf 89' lang='lat' dir='ltr'>in</span> <span class='ocrx_word' id='word_1_151' title='bbox 338 1919 418 1955; x_wconf 83' lang='lat' dir='ltr'>exesa</span> <span class='ocrx_word' id='word_1_152' title='bbox 433 1904 584 1956; x_wconf 89' lang='lat' dir='ltr'>stridorem</span> <span class='ocrx_word' id='word_1_153' title='bbox 598 1906 728 1957; x_wconf 80' lang='lat' dir='ltr'>examinis</span> <span class='ocrx_word' id='word_1_154' title='bbox 742 1907 836 1960; x_wconf 84' lang='lat' dir='ltr'>ulmo:</span> 
     </span>
     <span class='ocr_line' id='line_1_25' title="bbox 232 1972 828 2043; baseline 0.012 -21"><span class='ocrx_word' id='word_1_155' title='bbox 232 1972 356 2040; x_wconf 80' lang='lat' dir='ltr'>Adspicit</span> <span class='ocrx_word' id='word_1_156' title='bbox 369 1981 396 2023; x_wconf 88' lang='lat' dir='ltr'>et</span> <span class='ocrx_word' id='word_1_157' title='bbox 409 1990 496 2039; x_wconf 89' lang='lat' dir='ltr'>ceras,</span> <span class='ocrx_word' id='word_1_158' title='bbox 514 1973 724 2043; x_wconf 85' lang='lat' dir='ltr'>dissimulatque</span> <span class='ocrx_word' id='word_1_159' title='bbox 737 1992 828 2031; x_wconf 85' lang='lat' dir='ltr'>senex.</span> 
     </span>
     <span class='ocr_line' id='line_1_26' title="bbox 199 2041 842 2114; baseline 0.009 -23"><span class='ocrx_word' id='word_1_160' title='bbox 199 2044 292 2110; x_wconf 88' lang='lat' dir='ltr'>thue</span> <span class='ocrx_word' id='word_1_161' title='bbox 307 2041 387 2112; x_wconf 80' lang='lat' dir='ltr'>piger</span> <span class='ocrx_word' id='word_1_162' title='bbox 399 2043 484 2110; x_wconf 89' lang='lat' dir='ltr'>pandi</span> <span class='ocrx_word' id='word_1_163' title='bbox 497 2053 577 2114; x_wconf 85' lang='lat' dir='ltr'>tergo</span> <span class='ocrx_word' id='word_1_164' title='bbox 592 2044 732 2095; x_wconf 83' lang='lat' dir='ltr'>residebat</span> <span class='ocrx_word' id='word_1_165' title='bbox 747 2045 842 2110; x_wconf 78' lang='lat' dir='ltr'>aselli3</span> 
     </span>
     <span class='ocr_line' id='line_1_27' title="bbox 129 2109 864 2182; baseline 0.005 -19"><span class='ocrx_word' id='word_1_166' title='bbox 129 2110 182 2171; x_wconf 83' lang='grc'>750</span> <span class='ocrx_word' id='word_1_167' title='bbox 233 2109 361 2179; x_wconf 84' lang='lat' dir='ltr'>Applicat</span> <span class='ocrx_word' id='word_1_168' title='bbox 375 2111 449 2164; x_wconf 92' lang='lat' dir='ltr'>hunc</span> <span class='ocrx_word' id='word_1_169' title='bbox 464 2112 542 2163; x_wconf 87' lang='lat' dir='ltr'>ulmo</span> <span class='ocrx_word' id='word_1_170' title='bbox 558 2113 765 2182; x_wconf 84' lang='lat' dir='ltr'>corticibusque</span> <span class='ocrx_word' id='word_1_171' title='bbox 782 2115 864 2167; x_wconf 80' lang='lat' dir='ltr'>cavis.</span> 
     </span>
     <span class='ocr_line' id='line_1_28' title="bbox 200 2179 854 2251; baseline 0.006 -21"><span class='ocrx_word' id='word_1_172' title='bbox 200 2179 328 2232; x_wconf 85' lang='lat' dir='ltr'>Constitit</span> <span class='ocrx_word' id='word_1_173' title='bbox 341 2180 399 2248; x_wconf 90' lang='lat' dir='ltr'>ipse</span> <span class='ocrx_word' id='word_1_174' title='bbox 411 2198 493 2249; x_wconf 86' lang='lat' dir='ltr'>super</span> <span class='ocrx_word' id='word_1_175' title='bbox 506 2198 617 2233; x_wconf 89' lang='lat' dir='ltr'>ramoso</span> <span class='ocrx_word' id='word_1_176' title='bbox 630 2182 723 2251; x_wconf 88' lang='lat' dir='ltr'>stipite</span> <span class='ocrx_word' id='word_1_177' title='bbox 735 2184 830 2235; x_wconf 84' lang='lat' dir='ltr'>nixus:</span> <span class='ocrx_word' id='word_1_178' title='bbox 851 2247 854 2251; x_wconf 9' lang='grc' dir='ltr'><strong><em>ἵ</em></strong></span> 
     </span>
     <span class='ocr_line' id='line_1_29' title="bbox 230 2250 845 2321; baseline 0.005 -21"><span class='ocrx_word' id='word_1_179' title='bbox 230 2253 321 2319; x_wconf 80' lang='lat' dir='ltr'>Atque</span> <span class='ocrx_word' id='word_1_180' title='bbox 333 2250 413 2302; x_wconf 86' lang='lat' dir='ltr'>avide</span> <span class='ocrx_word' id='word_1_181' title='bbox 423 2260 524 2302; x_wconf 89' lang='lat' dir='ltr'>trunco</span> <span class='ocrx_word' id='word_1_182' title='bbox 539 2250 652 2311; x_wconf 77' lang='lat' dir='ltr'>condita</span> <span class='ocrx_word' id='word_1_183' title='bbox 665 2250 751 2302; x_wconf 90' lang='lat' dir='ltr'>mella</span> <span class='ocrx_word' id='word_1_184' title='bbox 763 2253 845 2321; x_wconf 87' lang='lat' dir='ltr'>petit.</span> 
     </span>
     <span class='ocr_line' id='line_1_30' title="bbox 132 2317 854 2380; baseline 0.001 -11"><span class='ocrx_word' id='word_1_185' title='bbox 132 2334 139 2353; x_wconf 47' lang='lat' dir='ltr'>r</span> <span class='ocrx_word' id='word_1_186' title='bbox 194 2317 284 2369; x_wconf 88' lang='lat' dir='ltr'>Millia</span> <span class='ocrx_word' id='word_1_187' title='bbox 299 2319 469 2373; x_wconf 87' lang='lat' dir='ltr'>crabronum</span> <span class='ocrx_word' id='word_1_188' title='bbox 480 2322 598 2380; x_wconf 71' lang='lat' dir='ltr'>coeunt;</span> <span class='ocrx_word' id='word_1_189' title='bbox 618 2328 646 2371; x_wconf 92' lang='lat' dir='ltr'>et</span> <span class='ocrx_word' id='word_1_190' title='bbox 659 2319 764 2371; x_wconf 82' lang='lat' dir='ltr'>vertice</span> <span class='ocrx_word' id='word_1_191' title='bbox 778 2321 854 2372; x_wconf 90' lang='lat' dir='ltr'>nudo</span> 
     </span>
     <span class='ocr_line' id='line_1_31' title="bbox 232 2386 861 2457; baseline 0.005 -20"><span class='ocrx_word' id='word_1_192' title='bbox 232 2387 344 2456; x_wconf 84' lang='lat' dir='ltr'>Spicula</span> <span class='ocrx_word' id='word_1_193' title='bbox 357 2388 492 2456; x_wconf 78' lang='lat' dir='ltr'>defigunt,</span> <span class='ocrx_word' id='word_1_194' title='bbox 511 2405 617 2457; x_wconf 89' lang='lat' dir='ltr'>oraque</span> <span class='ocrx_word' id='word_1_195' title='bbox 628 2386 739 2440; x_wconf 87' lang='lat' dir='ltr'>&#39;summa</span> <span class='ocrx_word' id='word_1_196' title='bbox 753 2397 861 2440; x_wconf 87' lang='lat' dir='ltr'>notant.</span> 
     </span>
     <span class='ocr_line' id='line_1_32' title="bbox 127 2454 858 2526; baseline -0.005 -15"><span class='ocrx_word' id='word_1_197' title='bbox 127 2454 179 2511; x_wconf 81' lang='lat'>755</span> <span class='ocrx_word' id='word_1_198' title='bbox 197 2455 247 2508; x_wconf 89' lang='lat' dir='ltr'>Ille</span> <span class='ocrx_word' id='word_1_199' title='bbox 263 2456 338 2507; x_wconf 84' lang='lat' dir='ltr'>cadit</span> <span class='ocrx_word' id='word_1_200' title='bbox 351 2474 495 2526; x_wconf 87' lang='lat' dir='ltr'>praeceps,</span> <span class='ocrx_word' id='word_1_201' title='bbox 514 2467 542 2509; x_wconf 90' lang='lat' dir='ltr'>et</span> <span class='ocrx_word' id='word_1_202' title='bbox 561 2456 640 2510; x_wconf 89' lang='lat' dir='ltr'>calce</span> <span class='ocrx_word' id='word_1_203' title='bbox 652 2457 753 2510; x_wconf 85' lang='lat' dir='ltr'>feritur</span> <span class='ocrx_word' id='word_1_204' title='bbox 765 2458 858 2510; x_wconf 88' lang='lat' dir='ltr'>aselli:</span> 
     </span>
     <span class='ocr_line' id='line_1_33' title="bbox 232 2524 825 2599; baseline 0.01 -24"><span class='ocrx_word' id='word_1_205' title='bbox 232 2524 424 2595; x_wconf 87' lang='lat' dir='ltr'>Inclamatque</span> <span class='ocrx_word' id='word_1_206' title='bbox 438 2543 511 2593; x_wconf 88' lang='lat' dir='ltr'>suos,</span> <span class='ocrx_word' id='word_1_207' title='bbox 529 2525 718 2596; x_wconf 81' lang='lat' dir='ltr'>auxiliumque</span> <span class='ocrx_word' id='word_1_208' title='bbox 733 2536 825 2599; x_wconf 82' lang='lat' dir='ltr'>rogat.</span> 
     </span>
     <span class='ocr_line' id='line_1_34' title="bbox 199 2595 904 2665; baseline 0.004 -20"><span class='ocrx_word' id='word_1_209' title='bbox 199 2595 380 2646; x_wconf 80' lang='lat' dir='ltr'>Concurrunt</span> <span class='ocrx_word' id='word_1_210' title='bbox 387 2595 488 2663; x_wconf 84' lang='lat' dir='ltr'>Satyri,</span> <span class='ocrx_word' id='word_1_211' title='bbox 506 2596 704 2665; x_wconf 84' lang='lat' dir='ltr'>turgentiaque</span> <span class='ocrx_word' id='word_1_212' title='bbox 718 2613 769 2648; x_wconf 88' lang='lat' dir='ltr'>ora</span> <span class='ocrx_word' id='word_1_213' title='bbox 779 2595 904 2665; x_wconf 83' lang='lat' dir='ltr'>parentis</span> 
     </span>
     <span class='ocr_line' id='line_1_35' title="bbox 232 2662 821 2735; baseline 0.007 -21"><span class='ocrx_word' id='word_1_214' title='bbox 232 2662 342 2717; x_wconf 83' lang='lat' dir='ltr'>Rident.</span> <span class='ocrx_word' id='word_1_215' title='bbox 377 2665 509 2716; x_wconf 87' lang='lat' dir='ltr'>Percusso</span> <span class='ocrx_word' id='word_1_216' title='bbox 523 2663 663 2722; x_wconf 86' lang='lat' dir='ltr'>claudicat</span> <span class='ocrx_word' id='word_1_217' title='bbox 674 2664 722 2717; x_wconf 89' lang='lat' dir='ltr'>ille</span> <span class='ocrx_word' id='word_1_218' title='bbox 738 2683 821 2735; x_wconf 80' lang='lat' dir='ltr'>genu.</span> 
     </span>
     <span class='ocr_line' id='line_1_36' title="bbox 197 2730 970 2803; baseline 0.006 -19"><span class='ocrx_word' id='word_1_219' title='bbox 197 2730 281 2784; x_wconf 84' lang='lat' dir='ltr'>Ridet</span> <span class='ocrx_word' id='word_1_220' title='bbox 293 2741 319 2784; x_wconf 90' lang='lat' dir='ltr'>et</span> <span class='ocrx_word' id='word_1_221' title='bbox 332 2733 391 2801; x_wconf 88' lang='lat' dir='ltr'>ipse</span> <span class='ocrx_word' id='word_1_222' title='bbox 405 2733 487 2785; x_wconf 85' lang='lat' dir='ltr'>deus:</span> <span class='ocrx_word' id='word_1_223' title='bbox 505 2732 661 2803; x_wconf 85' lang='lat' dir='ltr'>limumque</span> <span class='ocrx_word' id='word_1_224' title='bbox 675 2733 809 2787; x_wconf 89' lang='lat' dir='ltr'>inducere</span> <span class='ocrx_word' id='word_1_225' title='bbox 821 2741 970 2790; x_wconf 82' lang='lat' dir='ltr'>monstrat.</span> 
     </span>
     <span class='ocr_line' id='line_1_37' title="bbox 128 2801 779 2870; baseline 0.002 -15"><span class='ocrx_word' id='word_1_226' title='bbox 128 2801 182 2855; x_wconf 85' lang='lat'>760</span> <span class='ocrx_word' id='word_1_227' title='bbox 232 2801 284 2854; x_wconf 91' lang='lat' dir='ltr'>Hic</span> <span class='ocrx_word' id='word_1_228' title='bbox 298 2811 378 2870; x_wconf 86' lang='lat' dir='ltr'>paret</span> <span class='ocrx_word' id='word_1_229' title='bbox 392 2802 513 2866; x_wconf 84' lang='lat' dir='ltr'>monitis,</span> <span class='ocrx_word' id='word_1_230' title='bbox 531 2812 560 2853; x_wconf 90' lang='lat' dir='ltr'>et</span> <span class='ocrx_word' id='word_1_231' title='bbox 571 2802 636 2854; x_wconf 91' lang='lat' dir='ltr'>linit</span> <span class='ocrx_word' id='word_1_232' title='bbox 651 2820 700 2854; x_wconf 91' lang='lat' dir='ltr'>ora</span> <span class='ocrx_word' id='word_1_233' title='bbox 709 2802 779 2857; x_wconf 85' lang='lat' dir='ltr'>luto.</span> 
     </span>
     <span class='ocr_line' id='line_1_38' title="bbox 198 2869 858 2941; baseline 0.003 -20"><span class='ocrx_word' id='word_1_234' title='bbox 198 2869 282 2922; x_wconf 86' lang='lat' dir='ltr'>Melle</span> <span class='ocrx_word' id='word_1_235' title='bbox 292 2879 372 2938; x_wconf 91' lang='lat' dir='ltr'>pater</span> <span class='ocrx_word' id='word_1_236' title='bbox 383 2872 501 2923; x_wconf 84' lang='lat' dir='ltr'>fruitur:</span> <span class='ocrx_word' id='word_1_237' title='bbox 519 2871 635 2941; x_wconf 87' lang='lat' dir='ltr'>liboque</span> <span class='ocrx_word' id='word_1_238' title='bbox 646 2872 736 2923; x_wconf 82' lang='lat' dir='ltr'>infusa</span> <span class='ocrx_word' id='word_1_239' title='bbox 752 2871 858 2924; x_wconf 87' lang='lat' dir='ltr'>calenti</span> 
     </span>
     <span class='ocr_line' id='line_1_39' title="bbox 140 2939 794 3008; baseline 0.006 -19"><span class='ocrx_word' id='word_1_240' title='bbox 140 3000 144 3007; x_wconf 25' lang='lat'>⁸</span> <span class='ocrx_word' id='word_1_241' title='bbox 233 2942 295 2991; x_wconf 86' lang='lat' dir='ltr'>lure</span> <span class='ocrx_word' id='word_1_242' title='bbox 304 2940 442 3008; x_wconf 86' lang='lat' dir='ltr'>repertori</span> <span class='ocrx_word' id='word_1_243' title='bbox 460 2939 578 2993; x_wconf 85' lang='lat' dir='ltr'>candida</span> <span class='ocrx_word' id='word_1_244' title='bbox 591 2940 676 2993; x_wconf 90' lang='lat' dir='ltr'>mella</span> <span class='ocrx_word' id='word_1_245' title='bbox 688 2939 794 2993; x_wconf 88' lang='lat' dir='ltr'>damus.</span> 
     </span>
     <span class='ocr_line' id='line_1_40' title="bbox 198 3007 921 3079; baseline 0.008 -21"><span class='ocrx_word' id='word_1_246' title='bbox 198 3007 313 3060; x_wconf 80' lang='lat' dir='ltr'>Femina</span> <span class='ocrx_word' id='word_1_247' title='bbox 329 3026 379 3060; x_wconf 90' lang='lat' dir='ltr'>cur</span> <span class='ocrx_word' id='word_1_248' title='bbox 409 3017 520 3075; x_wconf 80' lang='lat' dir='ltr'>raestet,</span> <span class='ocrx_word' id='word_1_249' title='bbox 538 3026 597 3060; x_wconf 91' lang='lat' dir='ltr'>non</span> <span class='ocrx_word' id='word_1_250' title='bbox 611 3018 653 3060; x_wconf 87' lang='lat' dir='ltr'>est</span> <span class='ocrx_word' id='word_1_251' title='bbox 666 3010 780 3062; x_wconf 88' lang='lat' dir='ltr'>rationis</span> <span class='ocrx_word' id='word_1_252' title='bbox 794 3017 921 3079; x_wconf 85' lang='lat' dir='ltr'>opertae.</span> 
     </span>
     <span class='ocr_line' id='line_1_41' title="bbox 233 3027 800 3145; baseline 0.004 -16"><span class='ocrx_word' id='word_1_253' title='bbox 233 3078 368 3129; x_wconf 87' lang='lat' dir='ltr'>Femineo</span> <span class='ocrx_word' id='word_1_254' title='bbox 380 3027 476 3145; x_wconf 69' lang='lat' dir='ltr'>thyrso</span> <span class='ocrx_word' id='word_1_255' title='bbox 491 3079 616 3130; x_wconf 89' lang='lat' dir='ltr'>concitat</span> <span class='ocrx_word' id='word_1_256' title='bbox 627 3078 675 3130; x_wconf 89' lang='lat' dir='ltr'>ille</span> <span class='ocrx_word' id='word_1_257' title='bbox 690 3079 800 3131; x_wconf 89' lang='lat' dir='ltr'>choros.</span> 
     </span>
     <span class='ocr_line' id='line_1_42' title="bbox 129 3144 888 3216; baseline 0 -17"><span class='ocrx_word' id='word_1_258' title='bbox 129 3144 181 3203; x_wconf 85' lang='grc'>765</span> <span class='ocrx_word' id='word_1_259' title='bbox 198 3147 252 3197; x_wconf 90' lang='lat' dir='ltr'>Cur</span> <span class='ocrx_word' id='word_1_260' title='bbox 266 3163 333 3197; x_wconf 88' lang='lat' dir='ltr'>anus</span> <span class='ocrx_word' id='word_1_261' title='bbox 347 3146 402 3199; x_wconf 91' lang='lat' dir='ltr'>hoc</span> <span class='ocrx_word' id='word_1_262' title='bbox 413 3147 509 3209; x_wconf 85' lang='lat' dir='ltr'>faciat,</span> <span class='ocrx_word' id='word_1_263' title='bbox 530 3147 660 3216; x_wconf 83' lang='lat' dir='ltr'>quaeris?</span> <span class='ocrx_word' id='word_1_264' title='bbox 678 3146 800 3199; x_wconf 88' lang='lat' dir='ltr'>vinosior</span> <span class='ocrx_word' id='word_1_265' title='bbox 812 3156 888 3199; x_wconf 84' lang='lat' dir='ltr'>aetas</span> 
     </span>
     <span class='ocr_line' id='line_1_43' title="bbox 233 3215 886 3284; baseline 0.002 -19"><span class='ocrx_word' id='word_1_266' title='bbox 233 3217 308 3266; x_wconf 90' lang='lat' dir='ltr'>Haec</span> <span class='ocrx_word' id='word_1_267' title='bbox 321 3223 370 3273; x_wconf 84' lang='lat' dir='ltr'>est,</span> <span class='ocrx_word' id='word_1_268' title='bbox 388 3224 416 3266; x_wconf 90' lang='lat' dir='ltr'>et</span> <span class='ocrx_word' id='word_1_269' title='bbox 429 3215 560 3284; x_wconf 77' lang='lat' dir='ltr'>gravidae</span> <span class='ocrx_word' id='word_1_270' title='bbox 575 3233 693 3268; x_wconf 89' lang='lat' dir='ltr'>munera</span> <span class='ocrx_word' id='word_1_271' title='bbox 705 3217 767 3269; x_wconf 85' lang='lat' dir='ltr'>vitis</span> <span class='ocrx_word' id='word_1_272' title='bbox 781 3233 886 3269; x_wconf 89' lang='lat' dir='ltr'>amans.</span> 
     </span>
     <span class='ocr_line' id='line_1_44' title="bbox 201 3283 1024 3356; baseline 0.002 -20"><span class='ocrx_word' id='word_1_273' title='bbox 201 3286 256 3336; x_wconf 84' lang='lat' dir='ltr'>Gur</span> <span class='ocrx_word' id='word_1_274' title='bbox 268 3283 373 3335; x_wconf 87' lang='lat' dir='ltr'>hedera</span> <span class='ocrx_word' id='word_1_275' title='bbox 386 3284 479 3336; x_wconf 88' lang='lat' dir='ltr'>cincta</span> <span class='ocrx_word' id='word_1_276' title='bbox 492 3284 553 3335; x_wconf 82' lang='lat' dir='ltr'>est?</span> <span class='ocrx_word' id='word_1_277' title='bbox 571 3284 675 3336; x_wconf 89' lang='lat' dir='ltr'>hedera</span> <span class='ocrx_word' id='word_1_278' title='bbox 692 3294 735 3337; x_wconf 87' lang='lat' dir='ltr'>est</span> <span class='ocrx_word' id='word_1_279' title='bbox 745 3286 904 3356; x_wconf 78' lang='lat' dir='ltr'>gratissima</span> <span class='ocrx_word' id='word_1_280' title='bbox 915 3285 1024 3339; x_wconf 89' lang='lat' dir='ltr'>Baccho</span> 
     </span>
     <span class='ocr_line' id='line_1_45' title="bbox 234 3352 957 3423; baseline 0.007 -20"><span class='ocrx_word' id='word_1_281' title='bbox 234 3354 295 3404; x_wconf 87' lang='lat' dir='ltr'>Hoc</span> <span class='ocrx_word' id='word_1_282' title='bbox 309 3368 419 3423; x_wconf 89' lang='lat' dir='ltr'>quoque</span> <span class='ocrx_word' id='word_1_283' title='bbox 436 3369 487 3405; x_wconf 89' lang='lat' dir='ltr'>cur</span> <span class='ocrx_word' id='word_1_284' title='bbox 500 3352 540 3405; x_wconf 84' lang='lat' dir='ltr'>itu</span> <span class='ocrx_word' id='word_1_285' title='bbox 554 3353 600 3423; x_wconf 84' lang='lat' dir='ltr'>sit,</span> <span class='ocrx_word' id='word_1_286' title='bbox 613 3354 711 3411; x_wconf 31' lang='lat' dir='ltr'>(dicere</span> <span class='ocrx_word' id='word_1_287' title='bbox 722 3355 801 3408; x_wconf 87' lang='lat' dir='ltr'>nulla</span> <span class='ocrx_word' id='word_1_288' title='bbox 813 3371 895 3409; x_wconf 88' lang='lat' dir='ltr'>mora</span> <span class='ocrx_word' id='word_1_289' title='bbox 907 3363 957 3408; x_wconf 88' lang='lat' dir='ltr'>est.</span> 
     </span>
    </p>
   </div>
   <div class='ocr_carea' id='block_1_3' title="bbox 0 0 1173 3842">
    <p class='ocr_par' dir='ltr' id='par_1_3' title="bbox 0 0 1173 3842">
     <span class='ocr_line' id='line_1_46' title="bbox 0 0 1173 3842; baseline 0 0"><span class='ocrx_word' id='word_1_290' title='bbox 0 0 1173 3842; x_wconf 95' lang='lat' dir='ltr'> </span> 
     </span>
    </p>
   </div>
  </div>
 </body>
</html>
