2334 3842
130 247 197 314 234
252 257 289 304 ,ι
382 243 433 297 r.
457 227 821 296 oviniiu'asours
930 243 934 254 s

234 390 288 445 Hic
302 398 399 443 tamen
411 385 527 441 adverso
546 385 783 455 tempore'crevit
799 400 888 439 amor.
970 389 972 392 ’
1042 436 1044 439 Α

148 463 184 524 25
197 460 310 531 ‘Quique
322 454 385 512 tuas
399 458 508 528 pariter
520 454 653 509 lacrimas
666 465 833 526 nostrasque
845 456 965 528 videret,

233 532 363 582 Passurus
371 543 493 598 poenam
506 524 637 578 crederet
650 540 709 577 esse
720 524 799 579 duos.

198 595 305 654 Lenerd
316 608 345 651 to
359 595 470 651 miseris
481 594 583 666 genuit·
592 597 707 658 Natura,
723 609 778 647 nec
789 593 843 647 ulli

233 668 326 722 Mitius
336 665 492 749 ingenium,
511 680 599 745 quam
617 664 678 730 tibi,
691 667 784 729 Brute,
800 662 889 718 dedit.

71 789 76 804 Ι
199 740 238 792 Ut
252 737 309 808 qui,
326 735 394 808 quid
405 734 508 800 raleas,
524 741 646 805 ignoret,
662 735 752 786 Marte
764 732 882 802 forensi,

146 811 184 870 30
233 808 316 860 Posse
327 814 378 858 tuo
389 803 488 875 peragi
497 802 544 856 vix
557 811 639 873 putet
652 818 785 870 orereos,

198 876 315 930 Scilicet
329 874 456 927 eiusdem
472 880 523 939 est,
541 870 668 942 quamvis
679 887 806 943 pugnare
818 871 940 941 ridetur,

234 944 409 1014 Supplicibus
423 942 547 1010 facilem,
564 941 692 994 sontibus
706 957 764 993 esse
774 950 895 995 trucem.

199 1015 270 1068 Cum
282 1014 335 1066 tibi
347 1020 477 1082 suscepta
492 1020 534 1063 est
545 1010 616 1091 legis
630 1005 755 1063 vindicta
768 1026 899 1077 seuerae3

198 1116 203 1126 κ
235 1083 328 1137 Verba
343 1082 421 1136 velut
431 1082 552 1134 tinctum
564 1079 674 1151 singula
686 1079 762 1132 sirus
774 1079 888 1133 hahent.

148 1154 184 1213 86
200 1153 331 1206 Hostibus
348 1153 466 1218 eveniat,
484 1166 570 1221 quam
584 1150 621 1201 sis
633 1149 771 1201 violentus
785 1150 815 1202 in
828 1150 923 1216 armis,

234 1221 352 1288 dentire,
372 1230 400 1273 et
412 1220 525 1292 lingiiae
539 1218 598 1272 tela
610 1217 705 1271 subire
715 1227 798 1284 tuae;

69 1318 72 1330 ·
202 1292 283 1364 Quae
298 1292 351 1344 tibi
363 1300 423 1343 tam
431 1288 510 1342 tenui
523 1305 593 1341 cura
603 1287 748 1357 limantur,
764 1297 797 1340 ut
809 1303 906 1341 omncs

105 1425 108 1432 Α
171 1355 180 1406 ἶ
236 1361 316 1413 Istius
330 1359 476 1432 ingenium
486 1357 614 1427 corporis
630 1373 689 1410 esse
697 1366 812 1439 negent.

199 1431 271 1485 atsi
324 1446 369 1482 em
380 1428 455 1482 laedi
465 1432 591 1481 Fortuna
606 1427 697 1479 caanis
710 1426 816 1497 iniqua,

148 1502 186 1562 40
228 1499 294 1553 'Mol
308 1500 349 1552 ‘or
364 1507 406 1552 est
416 1499 510 1550 annno
525 1497 636 1552 seusina
652 1495 730 1554 nulla
742 1506 802 1551 tuo.

199 1570 262 1623 Hoc
275 1586 327 1640 ego
341 1568 492 1639 praecipue
505 1568 587 1640 sensi,
606 1583 673 1619 cum
690 1582 794 1637 magna
803 1568 936 1624 inaomm

236 1638 371 1692 Notitiam
404 1654 449 1690 ars
464 1645 507 1690 est
520 1636 640 1689 infitiata
650 1636 715 1690 mei.
752 1657 754 1660 ·
864 1657 867 1662 ·

134 1717 147 1764 ’,
199 1710 355 1762 Immemor
367 1708 372 1719 '
396 1724 487 1788 orum²
503 1707 591 1759 vestri
601 1722 660 1758 non
672 1705 823 1759 immemor
834 1720 968 1776 amquam,

237 1777 294 1848 Qui
308 1776 384 1828 mala
395 1775 509 1829 solliciti
521 1782 618 1827 nostra
629 1773 750 1840 levastis,
768 1787 826 1829 ero.

149 1847 184 1904 45
200 1847 235 1901 Et
250 1845 336 1915 prius,
353 1845 410 1897 hen
421 1844 505 1896 nohis
517 1844 638 1896 nimium
657 1844 862 1898 conterminus!
880 1842 950 1896 Iste'r
1073 1871 1075 1878 ⁴

235 1917 267 1966 ln
281 1921 365 1983 caput
380 1913 485 1966 Euxino
500 1913 535 1965 do
548 1930 628 1965 snare
641 1921 734 1966 vertet
744 1913 817 1966 iter:
1024 1919 1025 1922 ’

202 1987 294 2054 thue
304 1984 460 2050 Thyesteae
470 1982 589 2035 redeant
601 1984 624 2035 si
636 1990 768 2053 tempora
779 1997 902 2049 mensae,

236 2051 308 2107 solis
320 2052 355 2105 ad
368 2055 438 2107 ans
452 2069 551 2105 currus
565 2060 666 2124 agetur
677 2069 779 2123 aquasz
1089 2113 1092 2114 ⁷

202 2124 298 2197 Quam
312 2122 460 2194 quisquam
470 2131 604 2189 vestrum,
622 2122 671 2192 qui
686 2138 734 2174 ma
746 2120 874 2175 doluistis
888 2117 1035 2180 ademtam,

149 2191 186 2261 50
234 2197 340 2265 Arguat
350 2192 493 2265 ingratum
504 2207 563 2244 non
576 2190 738 2245 meminisse
749 2191 801 2245 sui.
1018 2201 1020 2204 ·

311 2359 848 2450 auisronnvu.

433 2482 801 2564 vasania

201 2569 320 2660 Missus
332 2618 361 2656 es
373 2602 492 2655 ausina
506 2602 648 2684 quonium
663 2602 792 2667 Vastan,
809 2602 845 2655 aa
857 2599 956 2668 mass,

235 2676 274 2725 Ut
286 2673 382 2743 positis
394 2671 497 2726 reddas
510 2688 574 2725 rura
584 2673 699 2726 sub-are
709 2671 793 2737 locis3
866 2717 868 2722 .

201 2742 325 2812 Adspicis
340 2760 384 2810 eu,
402 2758 543 2811 praesens,
561 2741 639 2812 quali
651 2741 795 2795 iaceamus
808 2740 839 2793 in
852 2753 939 2794 arvo:

236 2813 295 2864 Nec
307 2829 353 2866 me
365 2811 443 2865 testis
458 2811 511 2866 eris
522 2810 595 2868 falsa
608 2810 699 2864 solere
711 2810 800 2880 queri.

167 2876 185 2933 5
200 2880 322 2935 Accedet
337 2882 401 2934 voci
414 2898 465 2951 per
477 2890 508 2934 te
523 2897 581 2938 non
592 2880 674 2933 irrita
686 2889 810 2947 nostrae,

235 2948 340 3019 Alpinis
354 2951 459 3004 iuvenis
470 2950 583 3021 regibus
597 2958 668 3016 orte,
683 2949 762 3002 fidas.

200 3022 262 3088 lpse
275 3019 350 3071 vides
363 3029 440 3072 certe
471 3019 544 3074 lacie
556 3035 739 3074 concrescere
750 3020 880 3070 Pontum.
981 3063 983 3066 .

136 3091 138 3094 '
179 3153 180 3156 Ἴ
234 3089 297 3156 Ipse
309 3088 385 3140 vidos
395 3038 487 3159 rigido
501 3088 604 3141 stantia
617 3087 682 3142 vina
694 3088 770 3158 gelu.

200 3158 263 3224 lpse
274 3155 361 3214 vides,
379 3167 493 3210 onerata
502 3158 584 3209 feror
597 3166 630 3209 ut
640 3157 727 3209 ducat
738 3157 817 3225 liiayx
869 3198 871 3204 .

151 3221 186 3276 10
210 3224 213 3230 “
234 3224 286 3274 Per
300 3223 407 3275 medias
418 3226 481 3288 latri
491 3225 617 3294 plaustra
627 3225 765 3279 bubulcus
778 3240 873 3298 aquas.

201 3290 326 3359 Adspicis
340 3300 369 3343 et
381 3292 456 3343 mitti
469 3294 519 3354 suh
534 3295 644 3348 adunco
659 3296 753 3352 toxica
764 3294 852 3359 ferro,

236 3360 271 3410 Et
281 3359 370 3413 telum
383 3376 480 3414 causas
495 3364 596 3417 mortis
612 3362 809 3422 habereduas.
