2334 3842
335 222 580 285 Fasroaunt
605 225 692 283 uta.
714 227 761 284 IV.
983 231 1023 297 ⁴71

102 369 230 423 Audeat?
248 368 355 423 anobis
368 368 517 440 sitprocul
529 369 581 423 iste
604 369 694 427 furor.
742 386 744 390 “

73 439 164 505 Quid?
182 438 494 510 quod'ubiquepotens,
511 439 677 510 templisque
692 441 887 514 frequentibus
897 453 990 515 annu

103 509 177 561 Urbe
190 518 290 561 tamen
302 518 396 561 nostra
410 508 452 560 ius
468 509 520 561 dea
533 511 623 562 maius
641 510 736 566 hahet.

72 577 120 630 Pro
133 578 229 645 Troia,
245 581 379 643 Romane,
396 585 446 632 tua
458 583 550 635 Venus
563 596 640 631 arma
654 580 776 648 ferebat,

104 649 172 699 Cum
185 646 296 719 gemuit
308 656 434 699 teneram
450 647 562 717 cinpide
572 647 647 701 laesa
659 666 790 717 manum3
975 654 1027 710 120

73 715 262 787 Caelestesque
275 716 341 768 duas
354 716 475 769 Troiano
485 715 579 769 iudice
593 717 671 771 vicit.

103 785 157 838 nh!
174 786 273 838 novim
286 785 373 838 victas
386 785 441 837 hoe
456 786 617 838 meminisse
634 787 712 839 deas!

72 856 246 926 Assaracique
258 872 343 907 nurus
355 854 430 907 dicta
447 864 503 918 est3
521 863 553 906 ut
567 855 676 909 scilieet
690 855 759 910 olim

102 926 129 975 M
184 942 217 976 us
229 924 321 976 liileoe
335 925 434 976 Caesar
446 922 565 976 haberet
575 941 649 978 avos.

72 993 126 1046 Nec
164 995 243 1046 eneri
255 1002 375 1063 tempus,
394 1010 477 1064 quam
492 1009 550 1059 ver,
568 1001 630 1046 erat
640 996 730 1064 aptius
741 993 840 1051 ullum.
973 998 1024 1055 125

102 1064 171 1116 Vere
183 1063 277 1115 nitent
288 1071 397 1115 terrae:
416 1078 481 1114 vere
493 1062 624 1115 remissus
639 1080 714 1135 ager.

27 1136 28 1141 ’
72 1129 146 1184 Nunc
159 1131 265 1185 herbae
277 1141 359 1202 rupta
373 1130 475 1183 tellure
490 1132 637 1184 cacumina
648 1131 765 1199 tollunt;

102 1202 181 1254 Nunc
193 1201 304 1254 tumido
320 1217 446 1272 gemmas
458 1200 565 1253 cortica
578 1201 686 1269 palmes
700 1203 767 1271 agit.

72 1268 103 1320 Et
117 1270 242 1324 formosa
254 1274 346 1322 Venus
358 1269 486 1321 formoso
496 1278 628 1338 tempore
644 1270 728 1343 digna
743 1280 797 1326 est:

102 1342 190 1410 thue
203 1339 285 1404 solet,
303 1339 388 1391 Marti
398 1338 561 1391 continuata
572 1355 633 1391 suo.

28 1460 29 1465 ,
72 1405 137 1460 Vere
151 1417 250 1462 monet
263 1425 361 1461 curvas
372 1416 500 1460 materna
512 1424 564 1477 per
575 1423 700 1478 aequora
713 1424 821 1480 puppes

27 1476 29 1543 ᾗ
101 1479 158 1530 Ire:
175 1496 230 1531 nec
241 1476 372 1529 hibernae
384 1477 440 1529 iarn
455 1476 578 1529 timuisse
594 1477 694 1530 minas.
764 1531 768 1539 ,
834 1492 836 1499 ‘

27 1576 28 1607 3
72 1545 127 1598 llite
140 1546 222 1599 deam
235 1548 331 1600 Latiae
348 1546 440 1599 colitis
453 1554 613 1616 matresque
625 1563 778 1617 nurusque,

101 1616 133 1667 Et
145 1633 203 1683 vos,
223 1620 286 1687 quis
299 1616 385 1668 vittae
396 1614 536 1689 longaque
547 1616 630 1668 vestis
650 1616 735 1668 abest.

27 1734 28 1737 ,
72 1685 155 1737 turea
167 1702 329 1738 marmoreo
343 1684 511 1737 redimicula
522 1685 621 1737 solvite
639 1684 731 1738 collo:

101 1754 206 1807 Demite
220 1754 345 1807 divitiast
363 1761 425 1806 tota
438 1753 558 1806 lavanda
570 1753 623 1805 dea
638 1763 689 1808 est.

73 1823 154 1875 Aurea
167 1824 273 1876 siccato
288 1822 452 1876 redimicula
468 1823 578 1876 reddite
591 1822 685 1888 collo;

27 1924 28 1929 =
102 1892 178 1945 Nunc
191 1893 239 1946 alii
251 1893 345 1957 flores,
362 1910 438 1946 nunc
450 1910 523 1946 nova
533 1892 627 1945 danda
638 1909 703 1945 rosa
717 1900 769 1949 est.

73 1958 120 2011 Vos
134 1979 244 2032 quoque
259 1962 310 2014 suh
321 1961 405 2014 viridi
417 1971 510 2030 myrto
522 1961 601 2021 iubet
612 1961 662 2014 illa
674 1962 776 2015 lavari:

104 2030 250 2113 Causaque,
269 2048 320 2084 eur
331 2031 435 2096 iubeat,
453 2030 560 2097 discite,
580 2038 659 2084 certa
670 2032 773 2087 subest.

73 2095 168 2153 littore
179 2100 303 2154 siccabat
316 2109 444 2152 rorantes
453 2100 530 2152 nude
545 2099 670 2168 capillos.

28 2202 29 2205 =
101 2168 232 2222 Viderunt
245 2170 343 2238 Satyri,
359 2169 443 2222 turba
454 2177 595 2238 proterva,
614 2168 705 2222 deam.

28 2276 29 2287 ,
73 2236 161 2304 Sensit,
178 2247 207 2290 et
222 2238 349 2308 opposita
358 2238 426 2290 texit
437 2254 489 2289 sua
504 2252 625 2305 corpora
636 2245 738 2304 myrto.

28 2316 31 2355 L
102 2306 170 2360 Tuta
179 2307 235 2361 fuit
244 2307 338 2361 'factor
356 2323 461 2377 vosque
476 2306 584 2358 referre
599 2306 685 2360 iubet.

73 2369 166 2430 Discite
181 2394 266 2444 nunc,
285 2393 371 2458 quare
383 2379 526 2429 Fortunae
538 2384 603 2427 tura
618 2373 698 2426 Virili

101 2443 171 2497 Detis
183 2463 226 2513 ea,
245 2445 337 2503 calida
350 2445 399 2516 qui
411 2445 490 2498 locus
504 2444 604 2496 humet
621 2460 702 2514 aqua.

71 2512 170 2583 Accipit
180 2515 228 2568 ille
241 2516 321 2568 locus
333 2515 425 2585 posito
439 2513 578 2566 velamine
590 2523 720 2576 cunctas;

100 2583 130 2633 lit
140 2584 239 2637 vitium
251 2584 321 2637 nudi
333 2584 458 2653 eorporis
473 2599 558 2636 omne
577 2584 662 2636 videt.

29 2678 30 2689 κ
73 2647 104 2700 Ut
114 2659 189 2723 tegat
202 2654 266 2716 hoc,
284 2654 412 2723 celetque
421 2654 505 2721 viros,
522 2655 647 2705 Fortuna
660 2649 754 2704 Virilis

99 2719 233 2775 Praestat:
251 2722 342 2776 ethoe
356 2739 442 2801 parvo
459 2730 522 2775 ture
534 2721 722 2793 rogatafacit.
740 2735 743 2740 ·

72 2785 121 2840 Nee
133 2791 229 2863 pigeat
238 2791 319 2844 niveo
331 2801 431 2844 tntum
444 2807 512 2843 eum
523 2790 597 2843 lacte
613 2808 650 2860 pa
670 2806 736 2842 aver

99 2860 219 2927 Sumere,
236 2869 268 2913 'et
280 2861 412 2929 expressis
427 2860 514 2913 mella
532 2860 639 2929 liquata
650 2809 729 2911 isvis.

72 2923 132 2979 eum
141 2931 264 2997 primum
276 2929 378 2999 cupido
391 2932 482 2982 Venus
494 2938 536 2982 est
548 2928 669 2981 deducta
685 2924 803 2988 marim

99 2996 155 3049 Hoc
166 2999 247 3054 bibit.
282 3002 319 3051 Ex
333 2999 382 3052 illo
395 3007 452 3051 tem
475 3014 524 3051 ore
536 3007 624 3066 nupta
636 2997 700 3050 fuit.

72 3061 233 3133 lupplicibus
246 3068 337 3121 verbis
349 3068 427 3120 illam
442 3017 569 3137 placate:
587 3066 637 3118 suh
652 3066 702 3119 illa

100 3134 130 3184 llt
140 3135 240 3202 forma,
260 3146 288 3189 et
299 3154 400 3205 mores
419 3145 447 3190 et
463 3135 628 3188 bonafama
642 3145 746 3190 manet

72 3196 149 3257 Roma
160 3207 296 3275 pudicitia
308 3222 479 3276 proavorum
494 3213 623 3273 tempore
635 3204 714 3275 lapsa
729 3215 778 3272 est,

102 3272 253 3341 Cumaeam,
272 3285 388 3341 veteres,
408 3273 583 3329 consuluistis
598 3291 692 3328 anum.

74 3333 177 3412 Templa
187 3345 267 3398 iubet
278 3346 381 3401 Veneri
390 3343 470 3409 lieri5
490 3342 590 3415 quilius
605 3342 804 3407 ordinassetis
900 3392 903 3397 -
