2334 3842
125 254 173 317 ‚44
204 276 216 314 ,
399 250 432 310 a.
454 248 607 305 ovum
626 242 820 303 ussurus

235 400 343 469 Quique
360 396 458 451 aderat
473 395 552 449 nulla
568 395 661 450 actm
677 395 714 449 ah
730 405 792 451 arte
810 394 903 449 dacor.

130 471 181 526 766
198 469 290 522 Verba
302 468 423 538 placent,
441 475 469 519 et
482 482 544 533 vox,
561 477 591 519 et
605 465 682 537 quod
695 480 877 533 corrumpere
888 481 945 518 non
959 476 1015 520 est:

233 541 350 607 Quoque
367 536 460 589 minor
475 552 536 605 spes
554 545 605 602 est,
623 537 678 588 hoc
695 535 783 605 magia
799 535 848 587 ille
865 536 952 604 cupit,

198 610 258 659 Iam
275 607 391 658 dederat
408 613 521 658 cantum
535 606 606 658 lucis
622 605 803 675 praenuntius
820 605 899 671 alesr

233 679 302 728 Cum
319 676 445 728 referunt
461 675 573 728 iuvenes
590 677 620 726 in
637 692 688 726 saa
705 670 796 726 castra
811 674 921 742 pedem.
1038 696 1042 707 ·

141 773 170 793 ›-
197 746 324 813 Carpitur
341 746 472 796 attonitos
488 745 609 797 absentis
625 744 748 814 imagine
764 760 860 795 sensus
1007 752 1009 755 ’

128 816 180 872 770
231 814 295 866 Ille:
312 813 472 866 recordanti
488 810 571 883 plura
588 814 733 884 magisque
749 806 871 881 placeat.
961 822 964 831 ‘

198 885 243 936 Sic
256 883 340 936 aedit:
359 885 398 935 sic
414 880 490 939 calu
504 883 572 935 fuit:
590 883 630 935 sic
645 883 764 934 stomata
775 882 865 935 nevit:
939 888 944 895 ’

215 950 381 1023 'Neglectae
399 952 473 1005 collo
492 953 533 1005 sio
549 953 663 1004 iacuere
679 960 796 1004 comae:

197 1022 253 1073 Hos
271 1022 369 1074 hahuit
386 1022 490 1075 vultus:
509 1023 579 1074 haec
595 1022 638 1073 illi
654 1022 741 1074 verba
757 1021 851 1072 fuere:

144 1132 149 1135 .
231 1092 283 1142 llic
297 1091 390 1157 decor,
409 1091 479 1144 haec
491 1091 589 1158 luchs,
605 1090 747 1143 hic-color
761 1090 818 1142 oris
831 1098 900 1142 erat.

127 1161 179 1218 775
198 1164 234 1212 Ut
250 1160 322 1212 solet
337 1177 354 1211 a
371 1174 475 1231 magno
491 1161 596 1213 fluctus
612 1161 793 1243 languescere
808 1159 889 1222 flaua,

100 1266 102 1271 s
232 1229 285 1282 Sed
302 1239 397 1281 tamen
414 1244 432 1281 a
447 1238 541 1295 vento,
561 1230 610 1303 qui
625 1229 690 1294 furt,
707 1229 782 1281 unda
799 1236 905 1289 tumetp

192 1299 250 1364 stc,
269 1300 393 1368 quamvis
410 1299 508 1351 aberat
523 1298 645 1368 placitae
661 1299 818 1368 praesentia
836 1297 957 1360 formae,

230 1372 320 1432 Quem
338 1368 453 1421 dederat
468 1382 600 1436 praesens
616 1368 719 1432 forma,
737 1367 869 1419 manebat
882 1380 971 1420 amor.

164 1438 167 1443 ’
194 1437 296 1500 Ardet3
315 1448 344 1489 et
358 1438 454 1491 iniusti
472 1436 591 1490 stimulis
607 1439 727 1507 agitatus
745 1436 847 1488 amoris

125 1507 178 1562 780
223 1509 379 1576 'comparat
395 1507 509 1577 indigno
527 1507 584 1559 vim
625 1506 807 1574 edolumque
824 1512 898 1556 toro.

195 1576 286 1628 Exitus
303 1576 332 1627 in
350 1576 435 1628 (lisbio
453 1585 508 1628 est:
524 1524 687 1631 audriiiimus
704 1574 813 1641 ultima,
831 1573 907 1629 dixit.
968 1588 970 1593 ’

228 1645 335 1699 Viderit
350 1645 483 1697 audentes
500 1648 604 1696 Forsne
621 1644 725 1696 deusne
740 1645 826 1696 iuvet.

196 1714 325 1782 Cepimus
341 1713 468 1766 audendo
486 1715 589 1765 Gabios
608 1728 727 1784 quoque.
745 1714 824 1765 Talia
841 1713 916 1766 latus

226 1786 296 1835 Ense
313 1784 385 1835 latus
404 1782 499 1853 cingit,
517 1792 653 1852 tergaque
669 1784 768 1851 pressit
786 1784 859 1853 equi,

125 1850 175 1907 785
191 1852 300 1920 Accipit
317 1860 413 1904 aerata
429 1851 556 1904 iuvenem
573 1848 689 1905 Collatia
706 1861 797 1922 porto.
856 1864 860 1889 ι’

230 1920 354 1974 Condere
371 1921 430 1972 iam
446 1922 538 1973 vultus
554 1922 614 1975 sole
631 1932 749 1990 parante
767 1939 839 1975 suos.

193 1991 294 2056 Hostis,
311 1999 345 2041 ut
359 1988 466 2059 hospes,
482 1991 535 2043 init
551 1992 705 2060 penetralia
722 1992 874 2044 Collatino:

229 2060 351 2112 Comiter
368 2061 521 2128 excipitur:
536 2061 672 2141 sunguine
689 2062 799 2113 iunctus
815 2069 886 2112 erat.

124 2132 129 2173 ἱ
162 2156 165 2161 ·
196 2130 336 2194 Quantum
354 2130 453 2182 animis
471 2130 574 2185 erroris
590 2133 678 2183 mest!
694 2138 774 2212 parat
791 2130 879 2182 inscia
896 2146 994 2184 reram

123 2197 176 2255 790
226 2198 324 2251 Infelix
342 2200 437 2269 epulas
453 2198 578 2252 hostibus
593 2199 643 2251 illa
660 2217 724 2254 suis.

193 2269 313 2321 Functus
329 2278 390 2321 arat
407 2269 536 2338 dapibus:
552 2277 673 2337 poscunt
689 2286 739 2321 sua
754 2278 883 2339 tempora
896 2271 999 2322 somni.

227 2338 288 2390 Nox
305 2347 373 2405 erat,
392 2348 419 2391 et
436 2349 496 2391 tota
512 2338 620 2391 lumina
637 2338 714 2389 nulla
730 2339 825 2392 domo.

192 2407 294 2477 Surgit,
314 2416 342 2463 et
358 2417 488 2460 auratum
504 2408 608 2478 ragina
623 2406 724 2460 liberat
742 2416 852 2460 ensem}
902 2434 905 2439 ·
937 2428 940 2435 ⁴

160 2472 168 2482 “
226 2478 259 2526 Et
276 2477 350 2528 venit
367 2477 560 2541 intitulamur,
577 2485 665 2544 nupta
682 2478 792 2546 paelics,
809 2486 904 2530 taos·
952 2494 955 2505 ¹

122 2543 174 2600 795
193 2548 283 2614 thue
300 2555 394 2597 torum
411 2546 524 2614 pressit:
542 2548 668 2608 Ferrum,
684 2548 823 2611 Lucretia,
839 2561 953 2599 mecum
971 2557 1022 2612 est,

226 2617 320 2676 Natus,
338 2614 386 2679 ait,
405 2614 487 2684 rogis,
504 2615 729 2686 Tarquiniusque
745 2632 840 2669 vocor.

190 2685 241 2736 llla
254 2684 340 2736 nihil:
356 2698 448 2753 nepte
460 2684 536 2736 enim
549 2700 649 2737 vocem
662 2687 790 2754 viresque
803 2682 947 2755 loquendi,

121 2820 126 2825 ἱ
224 2760 278 2805 Aut
295 2753 401 2823 aliquid
419 2762 477 2806 toto
496 2762 610 2823 pectore
627 2756 728 2807 meritis
745 2755 839 2809 habet.
1069 2816 1071 2821 ⁴

122 2858 127 2865 -
160 2827 164 2851 ²
189 2822 244 2876 Sed
260 2826 365 2889 tremit,
383 2831 415 2875 ut
431 2824 574 2893 quondam
592 2824 707 2876 stabulis
724 2824 857 2894 deprensa
873 2822 991 2891 relictis,

121 2890 174 2946 θα)
223 2894 309 2944 Parva
326 2894 376 2944 sub
393 2893 496 2945 infesto
513 2911 580 2945 cum
596 2894 670 2946 iacet
686 2894 853 2964 agna1h1p0.

80 3000 85 3011 l
157 2980 161 2989 ‘
190 2962 263 3027 Quid
274 2961 524 3033 faciatlpugnet?
541 2964 669 3015 vincetur
685 2963 791 3015 femina
803 2980 911 3032 pugna.
1025 3025 1029 3033 Ι

224 3032 347 3082 Clamet?
366 3039 394 3082 at
411 3032 440 3083 in
457 3033 564 3099 dextra,
581 3033 629 3105 qui
646 3041 737 3098 necet,
756 3033 828 3084 ensis
845 3033 932 3085 adest.
955 3040 959 3050 '

189 3100 328 3170 Effugiat?
346 3100 440 3167 positis
458 3112 595 3172 urgentur
609 3112 726 3172 pectora
743 3102 851 3170 palmis,

223 3172 303 3222 Nunc
321 3170 442 3236 primum
459 3180 574 3224 externa
590 3180 705 3238 pectora
723 3179 798 3224 tacta
816 3187 910 3222 manu.
946 3180 949 3187 '

120 3237 171 3292 805
188 3241 275 3291 Instat
293 3256 388 3290 amans
405 3239 492 3292 hostis
507 3241 647 3311 precihus,
664 3242 820 3312 pretioque,
839 3240 994 3311 minisque3

225 3310 281 3359 Nee
299 3325 390 3377 prece,
408 3325 461 3360 nec
477 3310 578 3378 pretio,
596 3327 650 3363 nec
666 3320 761 3364 movet
777 3310 826 3361 ille
845 3309 936 3362 minis.

190 3376 234 3430 Nil
252 3379 318 3448 agis,
336 3377 463 3447 eripiam,
480 3378 556 3445 dixit,
574 3370 627 3448 prio
645 3380 764 3432 crimine
781 3381 901 3433 vitam:¹
