2334 3842
318 204 564 263 PASTORUM
595 207 683 274 LIB,
697 208 753 262 vIs·

91 351 145 404 Ille
156 348 328 405 Numantina
335 349 424 403 traxit
441 351 477 403 eb
488 351 558 418 urbe
576 360 681 407 notam.

57 424 91 475 Et
102 430 229 474 mortem
240 429 268 473 et
281 437 385 473 nomen
401 423 490 474 Druso
504 424 655 477 Germania
674 422 754 479 fecit.

93 493 138 543 Me
151 492 291 547 miserum,
303 490 389 542 virtus
405 508 491 560 quam
505 493 596 544 brevis
608 492 657 544 illa
673 492 742 546 fuit!

29 570 31 575 '
58 561 85 614 Si
101 568 180 629 petat
195 577 212 611 a
223 559 317 625 victis;
341 567 387 610 tot
403 569 497 615 sumat
511 562 626 613 nomina
643 564 751 628 Caesar,

92 628 176 693 Quod
189 645 311 691 numero
328 637 425 699 gentes
441 632 576 685 maximus
592 631 667 684 orbis
689 632 785 688 habet.

13 752 14 761 ,
57 701 95 751 Ex
114 715 173 750 uno
192 697 308 767 quidam
324 697 458 764 celebres,
473 709 524 751 aut
542 699 650 769 torquis
670 701 808 768 ademtae,

90 772 148 819 Aut
158 766 238 820 corvi
247 765 342 821 titulos
360 767 499 820 auxiliaris
513 768 627 821 hebent.
691 825 693 831 f

13 846 15 885 ἑ
57 838 174 907 Magne,
190 844 274 888 tuum
285 852 389 905 nomen
401 853 498 889 rernm
516 855 649 891 mensura
663 846 778 894 tuarum
795 846 852 894 est:

13 928 14 937 2
91 906 145 959 Sed
163 905 254 976 quite
269 905 345 970 vicit,
361 907 476 957 nomine
497 906 590 959 maior
603 917 671 960 erat.

57 980 118 1026 Nec
135 975 238 1046 gradus
257 982 298 1025 est
309 973 383 1026 ultra
398 975 496 1028 Fabios
511 993 545 1028 co
586 977 687 1029 ominis
699 976 790 1043 ullus3

13 1064 15 1089 ι
91 1043 145 1095 Illa
159 1044 259 1097 domus
271 1043 378 1096 meritis
396 1045 519 1101 Maxima
558 1048 614 1098 icta
628 1046 692 1099 suis.
865 1048 868 1053 ’

58 1113 112 1166 Sed
125 1122 222 1165 tamen
235 1111 364 1164 humanis
375 1114 552 1167 celebrantur
568 1115 722 1169 bonoribus
739 1131 852 1184 omnen

91 1183 145 1234 Hic
158 1182 268 1236 socium
280 1199 390 1234 summo
408 1201 474 1236 cum
494 1187 558 1236 love
578 1201 683 1237 nomen
697 1185 789 1238 habet.

57 1254 160 1304 Sancta
173 1259 278 1304 vocant
291 1269 325 1303 au
379 1259 408 1303 ta
417 1260 529 1322 patres:
547 1262 664 1324 anguste
679 1263 819 1307 vocantur

91 1322 220 1391 Templa,
238 1268 418 1373 secettidiirm
431 1323 485 1373 rite
503 1321 597 1374 dicata
613 1339 709 1377 manu.

13 1428 14 1451 ,
57 1392 145 1443 Huius
160 1400 189 1443 et
200 1390 350 1461 augurium
368 1390 506 1460 dependet
517 1392 625 1462 origine
642 1392 730 1460 verbi,

13 1456 15 1513 i
91 1464 127 1512 Et
140 1460 329 1530 quodcunque
347 1476 398 1512 sua
411 1460 516 1530 Iupiter
529 1469 614 1532 auget
626 1477 687 1530 ope.

13 1544 15 1593 t
59 1535 166 1601 Augeat
175 1529 328 1598 imperium
342 1529 431 1581 nostri
445 1529 531 1597 ducis,
556 1540 657 1600 augeat
677 1546 773 1597 annos,

13 1602 15 1643 ἱ
91 1602 225 1668 Protegat
244 1606 392 1651 etsestras
407 1606 512 1668 querna
526 1616 632 1651 corona
646 1599 732 1653 fores.
774 1628 776 1633 .

13 1690 15 1765 p
58 1668 279 1737 auspicibusque
295 1668 352 1719 deis
365 1669 436 1720 tanti
453 1669 627 1738 cognominis
644 1669 725 1721 heres

13 1784 15 1807 Ι

94 1737 193 1789 Omine
208 1737 349 1809 suscipiat,
368 1755 424 1808 quo
441 1741 532 1806 Pater,
559 1739 633 1791 orbis
650 1755 728 1791 enus.
818 1748 820 1753 ’

58 1815 210 1908 Respiciet
221 1838 303 1891 Titan
309 1848 386 1892 actes
398 1840 448 1892 ubi
454 1840 552 1892 tertius
559 1841 638 1902 idus;

91 1910 173 1961 Fient
189 1908 440 1962 Pssrbasiaesacre
457 1910 547 1962 relata
564 1910 643 1964 deae.

13 2016 15 2031 .
59 1980 131 2031 Nam
142 1977 221 2048 prius
234 1978 367 2030 Ausonias
380 1988 483 2030 matres
495 1988 629 2048 carpenta
649 1979 803 2042 vehebant3

13 2040 15 2121 i
91 2051 170 2099 Haec
185 2064 299 2118 quoque
312 2064 347 2099 an
355 2048 474 2100 Evandri
485 2048 559 2100 dicta
571 2057 689 2117 parente
701 2065 774 2101 reor.

13 2126 15 2173 t
60 2117 124 2169 Mox
145 2117 238 2169 honor
255 2117 384 2186 eripitur,
403 2126 587 2186 matronaque
605 2118 724 2170 destinat
744 2116 835 2170 omnis

91 2190 220 2257 Ingratos
239 2185 318 2238 nuilla
334 2187 415 2255 prole
428 2203 532 2238 novare
548 2188 631 2239 viros,

13 2260 15 2325 ζ
60 2256 137 2308 Neve
150 2255 229 2307 daret
240 2263 345 2325 pertus,
368 2256 425 2308 ictu
439 2257 590 2308 temeraria
607 2270 692 2307 caeco

93 2323 252 2377 Visceribus
264 2341 390 2376 crescens
403 2325 559 2377 excutiebat
566 2341 649 2377 onus.

13 2392 15 2459 Ι
59 2392 230 2463 Corripuisse
245 2397 340 2446 Patres
353 2411 431 2446 ausas
444 2394 570 2445 immitia·
579 2403 688 2463 nuptas,

13 2466 14 2505 ἕ
91 2466 137 2515 Ius
153 2471 249 2515 tumen
267 2471 407 2529 exemtum
423 2463 584 2531 restituisse,
599 2464 703 2516 ferunt.

13 2526 15 2581 Ρ
58 2530 181 2601 binaque
200 2549 276 2585 nunc
293 2533 400 2602 pariter
419 2535 562 2602 Tegeaeae
579 2549 657 2585 sacra
677 2529 787 2601 parenti

13 2618 14 2639 ÷
92 2602 148 2653 Pro
164 2600 257 2670 pueris
273 2601 338 2654 fieri
357 2602 564 2673 virginibusque
581 2602 690 2654 iubent.

13 2694 15 2707 ι
60 2672 176 2722 Scortea
187 2687 245 2722 non
257 2670 299 2721 ilii
311 2671 353 2722 fas
372 2680 413 2723 est
425 2668 660 2737 inferre'secello,

93 2742 136 2791 Ne
149 2739 352 2808 violentpuros
364 2741 519 2792 exanimata
530 2740 620 2796 focos.

13 2844 14 2847 ,
60 2807 88 2858 si
104 2808 166 2878 quis
178 2826 255 2860 amas
265 2809 335 2860 ritus
347 2819 463 2871 veteres,
486 2808 580 2862 assiste
596 2807 736 2878 precanti:

93 2877 216 2930 Nomina
226 2877 365 2947 percipies
376 2896 434 2931 non
448 2878 500 2931 tibi
513 2882 581 2930 neta
594 2878 679 2946 prius.

13 2982 14 2989 κ
59 2945 187 2999 Porrima
203 2947 350 3015 placantur
365 2951 507 3003 Postverta
527 2964 571 3012 ue,
587 2947 644 2998 sive
655 2959 774 3010 sorores,

13 3004 14 3073 ἶ
94 3015 157 3067 Sive
173 3015 258 3085 fugae
272 3017 398 3082 comites,
416 2966 536 3069 Maensil
547 3014 685 3084 Nympha,
702 3023 777 3067 tuae.

13 3078 15 3155 ζ
59 3083 165 3144 Altera,
182 3084 258 3154 quod
274 3102 360 3154 porro
377 3087 485 3151 iuerat,
515 3085 647 3141 cecinisse
667 3092 797 3153 putatur:

13 3174 15 3215 ;
92 3153 190 3205 Altera
201 3156 347 3209 versurum
359 3156 507 3225 postmodo
523 3152 659 3224 quidquid
676 3161 744 3206 erat.

13 3234 15 3311 i
61 3233 238 3310 candidate
250 3258 332 3313 niveo
349 3259 443 3328 posuit
457 3256 506 3310 lux
530 3257 657 3328 proxima
669 3253 785 3326 templo,

13 3316 15 3379 i
93 3330 159 3411 Qua
173 3325 231 3380 fert
246 3326 378 3385 sublimes
401 3328 458 3381 alta
471 3329 584 3383 Moneta
594 3325 705 3400 gradus.
760 3389 763 3399 1

13 3604 15 3695 i
