2334 3842
169 270 230 335 192
339 282 354 337 ζ
433 271 466 327 Ρ.
488 222 642 326 ovum
662 269 855 325 NASONIS

272 415 324 469 Ille
340 431 392 487 ego
410 431 482 480 sum,
504 430 621 485 cuperes
638 413 732 469 dicere
748 428 829 485 posse
868 415 952 470 alam.

236 488 317 540 Certe
335 502 397 556 ego,
415 485 438 537 si
455 484 567 549 sineres,
585 484 699 536 titulum
714 486 767 538 tibi
783 485 833 538 red
855 485 1026 554 mavellem,

247 557 251 565 ’
270 558 304 608 Et
319 571 414 606 raram
430 554 525 606 famae
542 553 694 606 conciliare
710 554 806 610 fidem.

186 625 220 682 15
236 625 279 679 Ne
290 640 410 676 noceam
426 632 517 702 grato,
533 630 641 689 vereor,
659 623 712 675 tibi
729 624 870 690 carmine3
888 640 959 677 neve

272 695 484 762 Intempestivos
502 692 624 744 nominis
640 692 734 745 obstet
749 694 847 747 honos.

174 820 177 824 A
237 762 320 828 Quod
333 761 400 827 licet
415 770 444 813 et
455 769 548 813 tutum
561 769 612 826 est,
629 760 702 813 intra
713 771 762 814 tua
774 771 891 833 pectora
902 762 999 835 gaude,

107 843 110 849 ’
273 833 374 900 Meque
386 830 430 881 tui
440 845 607 894 memorem,
623 839 709 900 teque
720 831 804 884 fuisse
820 832 886 887 mei.

237 903 275 952 Ut
315 915 330 950 e
343 899 422 964 facis,
439 899 526 952 remis
542 899 578 951 ad
592 917 675 968 opem
688 900 796 959 luctare
808 900 964 967 ferendam,

186 972 222 1026 m
273 916 345 1020 iiim
361 969 456 1021 veniat
472 968 584 1039 placido
598 969 714 1022 mollior
725 987 793 1022 aura
805 970 875 1023 deo:

237 1038 273 1092 Et
283 1045 377 1093 tutare
389 1046 474 1106 caput
489 1037 560 1091 nulli
571 1038 722 1104 oervabile;
740 1039 841 1105 sinon,

274 1106 329 1171 Qui
344 1107 444 1159 mersit
461 1107 565 1178 Stygia,
582 1107 707 1159 sublevet
722 1108 802 1175 illud,
820 1124 902 1178 aqua

237 1176 343 1246 Teque,
362 1176 438 1258 quod
455 1186 497 1228 est
511 1193 618 1242 rarum,
636 1186 747 1256 praesta
764 1187 926 1231 constanter
939 1177 975 1230 ad
986 1190 1061 1230 omne

272 1244 571 1307 Iudeclmatcemuuus
588 1246 736 1300 amicitiae.
760 1272 761 1277 =

186 1314 221 1370 25
238 1314 283 1368 Sic
300 1323 349 1367 tua
365 1331 510 1384 processus
526 1314 630 1366 babeat
645 1318 768 1367 Fortuna
786 1329 936 1385 perennes:
1030 1360 1031 1363 ,

273 1383 319 1436 Sic
337 1400 390 1454 ope
403 1401 461 1437 non
478 1400 560 1454 egeas
577 1385 646 1453 ipse,
663 1384 795 1454 iuvesque
811 1393 883 1437 tuos.

162 1460 166 1465 “
187 1498 192 1509 ,
238 1453 285 1507 Sic
300 1469 334 1506 ae
376 1460 403 1506 e't
418 1463 468 1506 tua
484 1462 573 1522 nupta
587 1453 679 1505 virum
695 1454 820 1505 bonitate
835 1452 968 1522 pereuni3

275 1523 333 1574 Inci
353 1531 382 1574 at
399 1532 426 1577 et
441 1531 534 1577 vestro
552 1539 618 1574 rara
636 1522 749 1593 querela
765 1531 838 1575 toro.

237 1591 342 1665 Diligat
359 1600 387 1644 et
404 1593 624 1658 semper·socius
641 1601 671 1644 te
687 1591 826 1662 sanguinis
842 1589 904 1657 illo,

187 1659 223 1716 80
274 1662 336 1723 Quo
353 1660 414 1730 pius
431 1658 536 1713 affectu
554 1662 667 1713 Castora
682 1662 772 1714 frater
788 1669 871 1712 amat
897 1666 899 1669 ’

240 1726 285 1782 Sic
301 1728 416 1793 iuvenis,
434 1729 586 1798 similisque
602 1731 655 1782 tibi
671 1732 707 1782 sit
722 1730 813 1796 natue,
826 1738 860 1781 et
873 1726 954 1782 illum

180 1808 191 1849 Ἀ
275 1798 398 1850 Moribus
415 1807 549 1869 agnoscat
564 1800 680 1868 quilibet
696 1815 755 1852 esse
771 1807 859 1851 tuum.

237 1865 285 1919 Sic
301 1882 430 1918 socerum
448 1866 536 1919 faciat
546 1868 631 1919 taeda
647 1876 676 1920 te
693 1878 760 1921 nata
777 1867 879 1938 iugali3

275 1937 335 1989 Nec
350 1935 464 1989 tardum
480 1937 574 1988 iuveni
591 1937 639 1990 det
653 1939 708 1989 tibi
723 1954 826 1990 nomen
843 1936 898 1991 avi.

365 2086 747 2210 euml-A
790 2143 846 2210 VI.

242 2240 399 2348 Tempore
414 2279 554 2339 ruricolae
568 2278 677 2349 patiens
694 2278 727 2330 fit
743 2288 840 2331 taurus
856 2278 951 2345 aratri,

283 2348 401 2400 Praebet
417 2357 445 2400 et
461 2350 576 2401 incurvo
595 2347 669 2401 colla
684 2348 837 2418 promenda
851 2348 862 2398 i
901 2364 927 2400 o.
1000 2390 1004 2395 .

241 2416 380 2486 Tempore
397 2422 477 2486 paret
495 2435 579 2491 equus
596 2417 680 2469 lentis
698 2418 837 2470 animosus
852 2365 976 2483 huebenis,

277 2488 312 2537 Et
327 2485 438 2555 placido
457 2486 540 2538 duros
557 2485 660 2555 accipit
677 2503 726 2539 ore
738 2487 829 2557 lupos.

208 2555 226 2610 5
242 2554 381 2624 Tempore
397 2557 555 2607 Poenorum
572 2557 763 2625 compescitur
775 2557 818 2608 ira
833 2554 960 2615 leonum3

277 2625 337 2677 Nec
353 2623 450 2677 feritas
466 2627 568 2691 animo,
609 2642 661 2677 uae
676 2625 731 2676 fuit
747 2634 821 2690 ante,
838 2633 942 2678 manet.

243 2692 320 2759 Quae
345 2697 376 2745 'e
394 2693 436 2745 sui
452 2694 564 2746 monitis
581 2711 598 2746 o
617 2702 757 2764 temperat
772 2695 840 2765 luda
855 2691 983 2765 magistri
1125 2728 1126 2771 q

277 2763 381 2831 Belua,
399 2764 543 2815 servitium
559 2772 688 2832 tempore
703 2764 779 2815 victa
795 2763 877 2817 subit.

242 2833 380 2901 Tempua·⁴
389 2841 424 2884 ut
439 2833 555 2884 extentis
569 2841 687 2898 tumeat,
705 2832 782 2897 facit,
800 2849 855 2884 uva
871 2832 999 2890 racemis,

138 2938 141 2949 r
195 2901 229 2954 10
279 2901 385 2971 Virque
401 2918 513 2954 merum
530 2902 642 2971 capiant
658 2919 753 2973 grana,
772 2903 851 2971 quod
863 2902 937 2953 intus
953 2899 1055 2952 habent
1123 2908 1125 2965 l

160 2976 166 3015 ζ
243 2971 364 3040 Tempus
382 2972 455 3023 etin
472 2986 555 3024 canas
570 2987 664 3022 semen
681 2972 812 3039 producit
828 2971 941 3033 aristam

272 3041 320 3102 ,Et
338 3056 373 3090 ne
390 3041 445 3090 sint
460 3041 533 3092 tristi
549 3057 634 3108 poma
650 3057 757 3107 sapore,
768 3036 853 3093 'facit

243 3108 305 3159 Boc
320 3116 419 3159 tenuat
433 3108 546 3162 dentem
562 3118 668 3161 terram
685 3109 815 3161 findentis
828 3109 923 3173 aratri,

279 3178 339 3226 Hoc
355 3174 458 3243 rigidos
475 3177 572 3241 silices,
590 3177 812 3230 hoc‘adamanta
828 3179 904 3230 terit.

195 3240 228 3294 15
244 3243 305 3294 Iloc
323 3243 408 3293 etiam
424 3260 518 3296 saevas
532 3246 678 3314 paullatim
695 3248 807 3318 mitigat
822 3248 890 3298 iras:
962 3270 967 3276 ·

281 3313 342 3361 Hoc
358 3310 459 3361 minuit
472 3313 570 3377 luctus,
588 3326 748 3386 moestaque
766 3316 851 3368 corda
867 3313 949 3366 levat.
1025 3368 1028 3373 ,

248 3377 353 3428 Cuncta
368 3387 460 3445 potest
474 3380 558 3450 igitur
574 3385 660 3436 tacito
678 3385 749 3453 pede
765 3385 979 3453 lapso‘vetusm
