2334 3842
58 188 60 192 ·
145 234 210 302 274
423 234 457 293 Ρ.
478 232 627 289 OVIDII
646 229 846 290 NASONIS
886 279 889 290 ,

98 383 102 392 “
165 365 168 368 ’
250 382 305 434 Sed
320 379 416 452 siquis
429 389 548 451 peteret,
567 379 805 451 quidarevellet,
833 391 904 437 erat.

214 451 373 504 Dummodo
386 470 444 503 non
461 451 539 503 vobis
553 450 608 503 hoc
624 449 745 504 Caesaris
758 451 802 503 ira
822 451 950 524 negarit3
1035 473 1041 488 ⁸

162 521 198 576 40
247 522 369 575 Fortiter
381 520 492 575 Euxinis
510 520 708 576 irumoriemur
720 519 808 590 aquis.

353 673 900 796 urlsrorrvlu

464 812 789 865 MAXIMO.

215 893 313 1004 Quae
324 930 385 990 tihi.
403 932 582 1001 quaerebam,
600 947 760 984 memorem
776 931 908 985 testantia
921 947 1017 987 curem

135 1065 155 1074 η
184 1057 187 1062 ,
260 1006 339 1054 Dona
357 1002 518 1054 Tomitanus
539 1003 653 1053 mittere
672 1009 765 1070 posset
777 1016 854 1070 ager.

214 1071 320 1143 Dignus
336 1088 364 1124 es
380 1078 506 1141 urgento,
524 1071 603 1123 fulvo
625 1087 738 1140 quoque
761 1069 874 1140 dignior
894 1088 984 1126 aures

249 1141 353 1207 serite,
371 1159 438 1193 cum
452 1141 545 1201 donas,
562 1140 616 1191 ista
631 1142 727 1192 iuvare
743 1139 843 1194 solent.

179 1215 196 1270 5
213 1212 273 1264 Nec
285 1219 381 1263 tamen
396 1210 538 1264 haecloca
554 1219 619 1261 sunt
630 1208 688 1261 ullo
707 1209 833 1277 pretiosa
851 1210 976 1265 metallo.

249 1282 340 1333 Hostis
355 1281 389 1331 eh
403 1279 530 1350 agricola
542 1279 588 1330 vix
601 1279 668 1330 sinit
679 1279 729 1331 illa
741 1278 811 1332 fodi.

148 1351 163 1388 ἶ
187 1357 189 1366 “
213 1353 340 1418 Purpura
352 1366 434 1417 saepe
447 1358 510 1401 tuos
523 1348 634 1416 fulgens
645 1348 788 1417 praeterit¹
798 1348 932 1416 amictus:

150 1483 154 1492 ¹
250 1420 303 1471 Sed
313 1425 374 1471 'non
385 1418 545 1482 samnatica
557 1418 676 1488 tingitur
688 1418 736 1469 ille
749 1435 844 1473 manu.

215 1488 327 1543 Vellera
347 1490 417 1540 dura
427 1488 523 1540 ferunt
536 1486 667 1556 pecudes,
691 1496 719 1539 et
731 1486 849 1538 Palladis
864 1486 906 1539 uti

162 1560 197 1615 10
247 1562 314 1610 Arte
337 1558 572 1610 Tomitanaencn
594 1556 718 1609 didicere
733 1573 829 1608 nurus.

212 1629 328 1682 Femina
342 1643 394 1695 prn
407 1627 474 1679 lena
486 1627 612 1682 Cerealia
627 1642 745 1678 munera
757 1624 879 1695 frangit:

248 1699 452 1766 Suppositoque
466 1713 580 1767 gravem
595 1695 701 1747 vertice
714 1703 810 1764 portat
827 1712 939 1764 aquam.

184 1807 193 1826 ,
212 1766 275 1819 Non
294 1766 340 1816 hic
357 1765 514 1834 pampineis
527 1765 662 1817 amicitur
680 1765 782 1817 vitibus
794 1763 900 1817 ulmus:

247 1835 329 1886 Nulla
342 1843 475 1903 premunt
486 1851 581 1886 ramos
599 1834 725 1903 pondere
738 1850 821 1903 poma
837 1850 897 1888 suo.

161 1901 195 1958 15
214 1904 316 1968 Tristia
330 1903 473 1956 deformes
485 1906 599 1973 pariunt
610 1903 749 1962 absinthia
759 1904 862 1971 campi,

246 1975 388 2043 Terraque
404 1973 438 2027 de
456 1973 555 2026 fructu
569 1973 703 2044 quamsit
718 1989 815 2025 amara
827 1973 920 2025 docet.

211 2043 257 2096 Nil
271 2043 358 2113 igitur
369 2052 430 2096 tote
442 2043 525 2095 Ponti
542 2043 659 2113 regione
678 2042 792 2107 sinistri,

252 2114 333 2175 Quod
350 2130 415 2165 mea
428 2113 559 2169 sedulitas
574 2112 686 2164 mittere
700 2121 803 2179 posset,
822 2118 891 2165 erat.
938 2131 942 2136 ·

212 2181 312 2234 Clausa
327 2192 423 2236 tamen
437 2182 501 2235 misi
519 2183 651 2250 Scythica
665 2181 719 2233 tihi
728 2180 787 2233 tela
798 2181 947 2248 pharetra:

159 2251 196 2307 20
247 2254 334 2304 Hos'te
350 2270 454 2321 precor
468 2253 539 2305 liant
561 2251 808 2303 illacruentatuo.

210 2322 266 2373 Hos
279 2321 364 2374 hebet
375 2323 446 2375 haec
465 2321 596 2387 calamos,
614 2320 665 2371 hos
679 2320 750 2371 haec
765 2318 850 2370 hahet
866 2333 916 2370 ora
929 2317 1048 2371 libellos*

246 2392 323 2443 Haec
332 2391 409 2462 viget
424 2391 455 2443 in
467 2391 584 2456 nostris,
602 2390 731 2455 Maxime,
749 2391 828 2440 Musa
841 2388 919 2441 locis.

212 2461 290 2524 Quae
308 2477 480 2531 quamquam
490 2461 598 2513 misisse
619 2459 714 2528 pudet,
741 2458 807 2527 quia
819 2474 907 2526 parva
919 2455 1051 2522 videntur,

244 2530 287 2582 Tu
301 2537 398 2583 tamen
416 2531 502 2593 haec,
532 2545 645 2599 quaeso,
664 2528 780 2581 conside
796 2528 880 2580 missa
898 2526 975 2579 boni.

371 2701 448 2767 ΕΡ
469 2700 485 2766 Ι
507 2700 529 2767 S
551 2702 582 2766 Τ
605 2702 635 2766 Ο
657 2701 685 2766 L
705 2700 738 2766 A
779 2697 840 2769 IX.

489 2825 509 2873 Β
543 2824 567 2873 R
604 2824 628 2873 U
661 2823 685 2873 T
720 2824 752 2872 0.
830 2829 832 2832 ’

213 2899 313 2990 Ouod
330 2940 367 2992 sit
391 2942 421 2993 in
446 2940 489 2992 his
505 2940 606 2993 eadem
620 2939 768 3007 sententie,
794 2942 887 3003 Brute,
907 2909 1015 2998 libellis,

218 2985 241 3009 ἰ
261 3010 388 3061 Carmina
401 3011 495 3063 nescio
509 3029 594 3080 quem
609 3026 726 3077 carpere
739 3018 836 3061 nostra
849 3008 955 3061 refers:

178 3095 182 3109 ³
209 3075 256 3129 Nil
267 3078 321 3128 nisi
332 3096 379 3131 me
388 3088 465 3132 terra
476 3080 556 3133 fruor
568 3089 601 3132 ut
612 3080 747 3148 propiore
765 3095 884 3149 rogare;

242 3148 287 3211 Et,
314 3164 398 3215 qnam
412 3149 464 3199 sim
480 3149 564 3202 denso
577 3150 688 3201 cinctus
702 3148 736 3199 ab
757 3148 846 3212 hoste,
872 3145 962 3216 queri.

178 3211 194 3265 5
213 3215 339 3281 Oquemg
349 3215 383 3267 de
402 3217 497 3275 multis
512 3218 614 3270 vitium
628 3216 844 3285 reprehenditur
857 3216 961 3269 unum!

246 3283 306 3332 Hoc
319 3293 419 3350 peccet
432 3284 523 3337 solum
544 3288 567 3338 si
587 3304 651 3339 meu
666 3289 754 3352 Musa,
776 3286 849 3338 liene
863 3294 913 3341 est.

184 3356 187 3370 ¹
211 3351 272 3415 Ipse
288 3365 339 3418 ege
356 3350 497 3404 librorum
509 3355 591 3408 video
609 3355 714 3410 delicta
727 3372 876 3420 meorum;
