2334 3842
357 883 396 950 e.
442 883 640 950 0v1u11
684 879 938 971 Nasonis

169 1017 209 1103 Τ
302 1018 347 1102 R
439 1018 462 1103 I
556 1023 588 1107 S
682 1020 722 1106 Τ
815 1018 838 1103 Ι
932 1017 974 1101 U
1068 1010 1109 1095 Μ

308 1248 320 1269 ..
355 1216 390 1279 χ
445 1207 615 1304 ¹taujau
637 1206 891 1289 en1uus..;
932 1280 935 1287 ,

363 1508 371 1523 ‚
465 1436 751 1554 steens
792 1454 831 1552 [ᾖ

238 1595 357 1693 Parve,
374 1637 427 1681 nec
440 1626 568 1694 invideo,
580 1624 646 1685 ‘aas
659 1636 723 1692 me,
739 1624 895 1692 assensa
908 1627 939 1680 n
952 1626 1060 1693 assem,

274 1697 325 1748 Hei
339 1696 421 1748 mihi!
440 1714 494 1766 quo
510 1694 624 1749 d'omino
637 1694 694 1748 nen
710 1696 776 1748 lieet
789 1698 831 1748 ire
845 1706 904 1749 tuo.

237 1765 330 1828 Vade,
348 1767 395 1817 sed
407 1766 542 1830 incultus,
561 1766 673 1836 qualem
686 1765 767 1817 decet
782 1765 881 1818 exsulis
896 1782 963 1819 esse.
991 1820 993 1825 ,

276 1833 388 1897 Infelix,
408 1833 535 1886 habitum
548 1835 684 1904 temporis
700 1834 779 1885 huius
793 1835 872 1890 habe.

207 1904 227 1957 5
241 1905 299 1956 Nec
313 1912 341 1954 te
354 1920 493 1972 purpureo
507 1902 737 1957 velenrmt'tnia
750 1903 831 1957 fuco:
926 1920 934 1935 ¹

199 1973 205 1995 ‘
278 1974 339 2024 Non
352 1981 393 2022 est
404 1974 570 2025 conveniens
582 1975 706 2025 luctibus
716 1972 763 2023 ille
774 1973 863 2026 color.

240 2043 299 2095 Nec
313 2041 408 2092 titulus
422 2042 524 2107 minio,
543 2061 597 2095 nec
610 2043 695 2095 cedro
711 2042 808 2094 charta
820 2051 950 2096 notetur:

277 2110 398 2162 Candida
411 2128 464 2163 nec
476 2111 556 2181 nigra
572 2129 678 2163 cornua
691 2111 787 2162 fronte
800 2128 888 2181 geras.

239 2178 344 2241 Felices
359 2188 459 2232 ornent
473 2180 541 2232 haec
557 2182 741 2232 instrumenta
754 2180 874 2232 libellos.
934 2214 937 2219 >

192 2249 227 2310 10
277 2251 414 2300 Fortunae
426 2266 582 2301 memorem
593 2259 622 2301 te
636 2249 717 2301 decet
730 2266 786 2300 esse
798 2266 887 2302 meae.

241 2319 300 2370 Nec
313 2317 407 2387 fragili
420 2318 548 2388 geminae
559 2318 701 2387 poliantur
712 2320 823 2386 pumice
838 2319 958 2372 frontes:

275 2387 402 2437 Hirsutus
417 2388 502 2454 pessis
517 2398 549 2438 ut
562 2388 673 2439 videare
687 2387 783 2440 comis.

241 2455 317 2507 Neve
328 2454 475 2507 liturarum
486 2457 597 2523 pudeat.
632 2456 686 2519 Qui
697 2456 882 2524 videntium,

277 2526 317 2575 De
332 2523 456 2575 lacrimis
468 2524 556 2576 factas
568 2525 669 2577 sentiet
683 2540 742 2577 esse
756 2525 835 2582 meis.

191 2595 224 2651 15
241 2592 333 2657 vade,
351 2591 438 2658 liber,
454 2593 601 2664 verbisque
614 2594 683 2645 meis
695 2594 758 2647 loca
770 2602 851 2665 grata
866 2593 965 2650 saluts.

277 2660 442 2731 Contingam
458 2671 549 2726 certe,
567 2680 622 2732 quo
636 2662 719 2729 licet,
736 2663 785 2715 illa
797 2663 879 2732 pede.

242 2731 271 2783 si
286 2731 361 2812 quis,
379 2730 448 2782 utin
460 2732 579 2801 populo,
598 2734 686 2784 nostri
697 2750 754 2784 non
767 2734 918 2785 immemor
929 2730 995 2796 illie,

278 2804 305 2851 Si
319 2799 394 2869 quis,
451 2800 475 2868 i,
493 2801 561 2871 quid
573 2819 670 2871 agam,
687 2801 761 2853 forte
773 2803 913 2872 requirat,
932 2800 998 2864 erit3

242 2867 400 2921 viveretne
432 2870 503 2923 ices:
520 2870 629 2922 salvum
641 2879 736 2922 tamen
753 2888 810 2923 esse
823 2871 952 2941 negahi23

192 2938 228 2993 20
281 2938 312 2989 Id
325 2955 448 3008 quoque,
467 2940 542 3009 quod
556 2939 658 3002 vivam,
676 2957 775 2991 munus
787 2940 891 2992 hahere
906 2938 961 2991 dei.

241 3010 332 3076 Atque
344 3007 384 3058 ita
398 3017 427 3059 te
442 3009 542 3060 tacitus
558 3010 701 3077 quaerenti
715 3008 794 3077 plura
806 3009 966 3080 legendum,

279 3078 334 3139 Ne,
354 3076 428 3144 quod
442 3095 498 3129 non
513 3096 581 3150 opus
596 3086 653 3138 est,
671 3077 746 3129 forte
756 3078 888 3148 loquare,
907 3076 994 3128 dabis.

241 3144 369 3197 Portinus
386 3144 543 3198 admonitus
556 3155 665 3216 repetet
678 3164 741 3198 mea
756 3148 874 3200 erimina
886 3146 993 3210 lecton

277 3216 310 3264 Et
323 3229 444 3282 peragar
455 3216 551 3283 populi
564 3215 692 3286 publicus
703 3232 752 3268 ore
764 3234 836 3269 reus.

191 3283 225 3337 25
242 3284 319 3345 Neu,
338 3298 418 3344 cave,
437 3283 582 3351 defendes,
602 3285 727 3354 quamvis
741 3285 908 3338 mordebere
923 3282 1011 3337 dictis.

279 3352 365 3401 Causa
377 3352 534 3418 patrocinio
547 3359 605 3407 n'on
617 3354 692 3407 bons
702 3355 782 3425 peior
793 3356 855 3409 erit.
