2334 3842
162 272 225 334 lta
268 306 308 331 2
430 268 851 340 P.‹0v11)11uasou1a

153 419 213 486 ,115
230 419 309 469 Haec
319 416 461 470 localucis
477 416 583 469 habent
597 414 696 483 nimu,‘
710 425 739 470 et
752 409 897 470 cum'lude
910 412 1042 488 pudoris]

267 487 294 537 Si
308 496 416 538 secreta
429 487 518 556 magis
531 486 611 538 ducis
620 486 648 541 in
665 496 752 553 antra,
771 493 882 556 sequor.
926 520 929 523 -

190 616 192 621 ⁴
230 553 364 608 credulus
378 565 464 607 antra
476 555 558 608 subit.
586 557 711 608 Furtioes
723 556 795 608 haec
806 564 890 609 nacta
902 554 1017 622 resistit,

140 633 143 638 '
268 627 299 675 Et
308 624 388 689 latet,
406 624 524 676 etnullo
538 631 579 676 est
593 624 843 679 inveniendaloco.
893 630 896 634 “

232 693 348 746 Viderat
361 694 435 745 hanc
449 696 542 758 lanus;
560 694 691 763 visaeque
705 694 835 763 cupidine
851 702 949 765 eaptus

166 763 217 817 120
268 762 310 813 Ad
323 762 423 814 duram
434 763 526 815 verbis
539 763 671 815 mollibus
685 780 749 815 usus
761 772 830 815 arat.

231 830 361 901 Nympha
375 832 453 883 iubet
465 833 562 902 quaeri
574 832 609 883 de
624 848 705 884 more
715 830 851 903 reruotiua
866 841 994 895 antrum3

242 916 244 922 ⁴
270 904 361 970 thue
373 918 468 953 comes
482 901 615 970 sequitur,
634 900 814 971 destituitque
831 901 941 956 ducem.
981 966 983 971 Δ

174 990 177 999 ·
233 969 333 1033 Stulta,
349 970 425 1022 videt
434 974 525 1034 lanus,
543 986 615 1039 qliae
627 979 690 1039 post
700 986 750 1023 uia
761 979 843 1042 terga
857 979 998 1042 gerantur.

269 1038 315 1089 Nil
327 1040 394 1109 agis,
413 1043 460 1091 en!
479 1039 602 1092 latebras
612 1038 726 1108 respicit
737 1039 787 1092 ille
798 1049 869 1092 tuae.

168 1106 219 1167 125
236 1106 282 1158 Nil
294 1107 360 1177 agis,
379 1111 427 1161 en!
446 1109 511 1161 dixi.
534 1111 607 1160 Nam
619 1118 650 1161 te
661 1109 713 1163 sub
722 1122 794 1178 rupe
804 1108 942 1165 latentem

271 1179 396 1246 Occupat
408 1178 553 1246 amplexu3
571 1192 675 1248 speque
685 1178 791 1247 potitus
804 1178 858 1229 ait:

236 1247 282 1297 Ius
295 1263 345 1314 pro
359 1246 512 1298 concubitu
524 1255 621 1298 nostro
634 1245 686 1298 tibi
701 1246 822 1298 cardinia
834 1253 904 1299 esto.

271 1316 331 1366 Hoc
343 1318 465 1384 pretium
474 1317 581 1384 positae
593 1316 758 1385 virginitatis
771 1317 854 1368 habe.

237 1383 282 1434 Sic
294 1383 377 1449 latus,
394 1386 512 1454 spineum
531 1402 586 1505 (ξω
596 1384 687 1436 tristes
698 1384 802 1453 pellere
813 1383 909 1454 posset
930 1386 949 1397 ⁸

167 1449 220 1506 130
270 1457 293 1502 A
304 1452 411 1505 foribus
425 1468 519 1515 noras,
557 1471 608 1505 aec
623 1463 686 1505 erat
697 1454 769 1510 alba.
788 1453 875 1505 dedit.

236 1524 306 1573 Sunt
318 1523 416 1574 avidae
429 1524 571 1575 volucres:
589 1539 646 1575 non
661 1539 733 1593 quae
745 1522 861 1576 Phineia
871 1521 975 1574 nuncia

273 1592 392 1643 Gutture
402 1593 588 1653 fraudabant3
607 1591 656 1644 sed
669 1608 757 1663 genua
770 1591 837 1644 inde
845 1590 971 1644 trahunt.

238 1660 350 1713 Graude
365 1672 458 1731 caput,
476 1671 580 1714 stantes
594 1661 678 1727 oculi,
696 1669 789 1713 rostra
802 1669 867 1730 apta
879 1658 1020 1730 rapiuaar

272 1729 390 1781 Canities
401 1732 507 1799 pennis,
525 1730 665 1800 anguibus
682 1732 779 1782 hamus
796 1731 878 1783 inest.

168 1793 220 1852 185
237 1798 326 1851 Nocte
338 1798 445 1864 volant*
456 1806 614 1869 puerosque
627 1808 729 1868 petunt
740 1799 857 1853 nutricia
870 1805 998 1873 egeam}

271 1869 306 1918 Et
317 1868 419 1920 vitiant
432 1868 512 1920 cunis
527 1884 647 1937 corpora
658 1877 740 1937 rapta
750 1868 815 1921 suia.
978 1884 981 1893 ·
999 1868 1001 1873 ’

239 1936 360 2004 Carpere
371 1938 504 1989 dicuntur
519 1937 655 1990 lactentia
667 1938 773 1990 viscera
782 1937 895 2002 rostrir3
926 1960 928 1967 ⁴
960 1939 962 1945 ’

273 2007 308 2057 Et
338 2006 434 2058 lenum
468 2007 661 2078 otosanguine
710 2007 896 2058 tturhabent.

239 2075 287 2126 Est
300 2023 353 2126 iliis
367 2024 496 2147 strigiiius
506 2084 626 2128 nomen:
643 2093 674 2127 ae
707 2076 828 2128 nominis
839 2075 922 2127 huiaa
974 2102 977 2107 <

171 2138 225 2198 140
276 2145 372 2210 Causa,
390 2145 466 2215 quod
479 2145 620 2199 horrenda
632 2145 749 2197 stridere
760 2153 843 2197 nocte
856 2143 958 2197 solent.

240 2212 303 2264 Sive
314 2213 400 2283 igitur
414 2225 567 2266 nascuntur
578 2230 642 2266 ares
668 2230 717 2266 seu
730 2214 855 2265 cannino
867 2213 955 2277 fianta

275 2282 434 2353 Naeuiaque
447 2284 476 2336 in
488 2284 616 2336 volucres
626 2252 715 2335 liarsa
729 2283 832 2354 figurat
845 2296 930 2343 annau

181 2370 188 2375 ¹*
239 2352 272 2402 In
284 2350 421 2404 thalamos
434 2369 535 2405 venere
550 2355 664 2405 Procae.
690 2355 778 2403 Proca
791 2359 874 2403 natus
891 2350 921 2401 in
936 2346 994 2403 illic

274 2420 381 2473 Praeda
391 2438 488 2473 reeens
501 2423 595 2473 avium
610 2422 733 2502 quinque
747 2421 845 2476 diebus
862 2427 932 2472 erat.

172 2483 224 2542 145
239 2487 413 2559 Pectoraque
426 2489 575 2543 exsorbent
588 2490 673 2542 avidis
684 2490 804 2541 infantia
817 2488 938 2560 linguia.'

274 2561 311 2609 At
322 2575 393 2627 puer
405 2559 502 2611 infelix
513 2561 599 2631 vagit,
618 2575 756 2638 opemque
768 2558 847 2628 petit.

242 2625 351 2679 Territa
363 2644 431 2680 voce
444 2629 486 2680 sui
498 2630 592 2680 nutrix
604 2634 727 2680 accurrit
739 2627 861 2688 alumni3
907 2685 913 2692 ,

278 2698 311 2747 Et
323 2697 414 2768 rigido
428 2707 517 2750 sectos
528 2698 634 2750 invenit
647 2712 740 2767 ungue
752 2712 845 2766 genas.

243 2765 316 2828 Quid
327 2765 452 2819 faceret?
471 2768 552 2820 color
567 2767 706 2832 ornarat,
725 2766 774 2834 qui
788 2763 936 2817 frondibus
953 2763 1021 2818 olim

173 2828 227 2884 150
277 2835 341 2886 Esse
353 2836 424 2888 solet
436 2837 511 2904 seris,
528 2834 598 2907 (fuas
606 2838 684 2888 nova'
691 2835 773 2886 laesit
784 2835 883 2887 hieme.

241 2901 370 2956 Pervenit
384 2905 420 2957 ad
433 2909 555 2971 Granen,
573 2915 604 2957 et
614 2922 676 2957 rem
692 2905 783 2956 docet.
819 2902 879 2968 Illa,
895 2902 1038 2957 Timorem

275 2972 358 3036 Pone,
375 2982 439 3026 tuus
452 2992 558 3044 sospes,
577 2975 657 3041 dixit,
675 2973 804 3025 alurnnus
818 2973 880 3027 erit.

240 3039 409 3094 venerated
424 3061 523 3095 cunas:
540 3043 649 3096 flebant
662 3050 810 3112 materque
819 3049 967 3112 paterque.

277 3108 369 3161 Sistite
381 3129 430 3171 ros
443 3113 584 3178 lacrimas,
601 3113 661 3181 ipsa
673 3111 817 3177 medebor,
835 3110 884 3163 ait.

175 3174 226 3233 155
242 3176 370 3229 Protinus
386 3181 505 3233 arbutea
516 3191 608 3251 postes
624 3190 668 3233 ter
681 3174 711 3232 in
722 3180 821 3233 ordine
835 3179 928 3250 tangit

278 3247 399 3301 Fronde:
418 3257 463 3301 ter
474 3251 592 3302 arbutea
607 3250 707 3302 limina
721 3250 823 3300 fronde
836 3252 924 3303 notat.

244 3317 356 3384 Spargit
370 3319 447 3387 aquis
459 3318 559 3386 aditus,
574 3328 607 3370 *et
618 3335 708 3389 aquae
719 3318 896 3370 medicamen
907 3316 1059 3371 habehant:

278 3386 402 3456 Exteqiu
416 3386 450 3438 de
461 3404 547 3459 porca
561 3389 648 3441 cruda
661 3389 795 3442 bimestre
808 3394 897 3445 tenea
