2334 3842
154 225 292 311 amsa.
319 255 377 314 ar
401 255 551 314 rouro
570 258 661 314 aaa
679 259 725 318 u.
746 258 808 312 aa.
829 259 863 313 x.
884 261 932 316 m.
972 258 1040 323 aaa

123 399 257 453 Materiae
268 399 366 456 titulus
379 402 447 472 quin
457 406 554 460 tueare
567 412 651 465 tuaet

89 470 236 539 Quemque
250 471 349 536 refers,
366 471 476 524 imitere
489 474 590 528 virum.
630 477 713 528 Vetat
725 474 773 527 ille
793 473 924 541 prolecto

122 539 277 608 Tranquilli
290 541 421 592 comitem
431 542 564 610 temporis
579 559 636 595 esse
646 545 740 597 fidem.

88 609 143 672 Qui
157 624 327 678 quamquam
340 618 383 662 est
399 611 482 663 factis
497 612 605 680 ingens,
623 622 650 665 et
661 613 788 668 conditus
799 629 816 664 a
833 619 861 663 te
888 668 891 680 Ι

121 679 171 728 Vir
183 687 270 739 tanto,
289 688 393 749 quanto
410 680 504 736 debuit
517 698 567 733 ore
589 683 670 745 cani;v

86 747 135 798 Est
144 754 239 799 tamen
253 763 286 799 est
299 748 348 800 illo
363 749 442 801 nobis
465 749 601 802 imitabile
614 751 756 819 quiddam,

87 841 90 844 ·
121 819 209 885 Inque
222 816 278 868 fide
293 818 411 869 Theseus
432 818 548 887 quilibet
564 834 621 878 esse
642 829 743 887 potest.

86 886 149 938 Non
167 886 218 937 tihi
236 896 301 938 sunt
312 887 404 939 hostes
422 887 499 939 ferro
515 887 648 956 clavaque
668 888 809 956 domandi,

118 954 173 1005 Per
191 970 260 1023 quos
272 955 316 1006 rix
328 955 379 1007 ulli
391 956 501 1024 pervius
514 956 631 1007 Isthmos
646 966 719 1009 erat:

87 1021 140 1074 Sed
154 1023 335 1091 praestandus
349 1041 437 1090 amor,
454 1041 497 1077 rer
511 1041 568 1076 non
583 1042 699 1093 operosa
710 1025 822 1077 volentiss

120 1091 186 1154 Quis
200 1091 281 1143 labor
294 1102 339 1145 eet
349 1110 449 1161 puram
461 1110 517 1145 nou
536 1103 687 1147 temerasse
700 1094 804 1147 fidem?

18 1203 19 1208 ,
85 1163 162 1213 Haec
175 1160 236 1226 tibi,
255 1162 301 1230 qui
314 1170 420 1229 perstas
432 1161 616 1215 indeclinatus
636 1164 737 1226 amico,

118 1231 183 1284 Non
198 1238 240 1282 est
253 1231 329 1300 quod
341 1231 438 1302 lingua
452 1231 528 1284 dicta
540 1240 673 1301 querente
686 1229 775 1301 putes.

332 1375 788 1468 arrs‘rcaaxr.
860 1429 862 1436 ·

356 1522 765 1574 GALLIONI.

86 1588 202 1691 Gallio,
220 1622 328 1677 crimen
339 1624 392 1677 erit
405 1622 449 1676 vix
465 1623 620 1677 excusabile
632 1623 722 1691 uobis,
760 1671 764 1680 ἃ

126 1692 255 1745 Carmine
267 1702 294 1744 te
306 1711 408 1746 nomen
420 1710 477 1746 non
488 1694 617 1746 habuisse
636 1710 710 1745 meo.

84 1763 125 1816 Tu
140 1763 344 1832 quoqueenim‚
362 1763 486 1829 memini,
504 1763 619 1816 coelesti
636 1759 749 1831 cuspide
761 1759 835 1814 facta

115 1832 217 1884 Fovisti
230 1831 353 1886 lacrimis
366 1832 481 1888 uulnera
500 1841 597 1884 nostra
606 1831 671 1885 tuis*-

82 1903 171 1969 Atque
183 1900 298 1972 utinam,
315 1903 389 1971 rapti
400 1901 507 1954 iactura
525 1901 615 1954 laesus
633 1899 725 1965 amici,

116 1968 249 2021 sensisses
263 1970 345 2035 ultra,
363 1970 438 2039 quod
456 1985 628 2039 quaererem,
653 1968 736 2030 nihil!

83 2038 144 2090 Non
161 2039 201 2089 ita
213 2037 255 2089 dls
268 2037 381 2107 placuit,
399 2037 447 2107 qui
459 2048 486 2089 te
498 2037 618 2106 spoliare
636 2037 739 2104 pudica

18 2157 19 2160 ,
116 2107 239 2178 Coniuge
257 2107 383 2159 crudeles
396 2125 452 2158 non
465 2107 589 2158 habuere
603 2105 690 2158 nefas.

31 2214 32 2217 η
83 2175 186 2228 Nuntia
200 2191 266 2227 nam
286 2175 378 2229 luctus
391 2174 460 2227 mihi
476 2192 565 2243 nuper
583 2173 700 2241 epistola
714 2170 808 2224 venitr

115 2247 256 2314 Lectaque
270 2263 336 2297 cum
346 2244 468 2297 lacrimis
488 2253 552 2295 sunt
563 2251 612 2294 tua
625 2242 727 2294 damna
737 2238 816 2292 meis.

25 2321 28 2326 ⁴
84 2313 136 2364 sed
147 2330 238 2383 neque
250 2313 418 2383 prudentem
429 2312 513 2366 solari
527 2311 639 2364 stultior
659 2312 757 2378 ausim,

116 2382 269 2451 Verbaque
281 2383 429 2435 doctorum
446 2391 512 2433 nota
524 2380 632 2433 referre
644 2379 704 2431 tibi.

83 2450 258 2520 Finitumque
278 2460 373 2516 tuum,
390 2451 414 2503 si
426 2468 483 2502 nan
496 2449 613 2513 ratione,
631 2448 759 2501 dolorem

116 2523 178 2589 Ipsa
192 2521 251 2576 iam
263 2521 375 2589 pridem
393 2520 518 2589 suspicor
537 2535 595 2571 esse
607 2534 696 2570 mora.

83 2589 155 2640 Dum
167 2598 216 2641 tua
229 2590 362 2657 pervenit,
379 2590 447 2641 dum
464 2588 559 2641 littera
570 2597 665 2639 nostra
682 2596 828 2638 recurrens

116 2661 170 2710 Tot
181 2658 270 2710 maria
283 2675 316 2710 ac
327 2667 414 2710 terras
426 2666 561 2727 permeat,
587 2673 673 2708 annus
691 2656 756 2708 abit.

83 2725 226 2796 Temperis
238 2726 361 2779 officium
371 2727 470 2779 solatia
481 2728 573 2780 dicere
595 2729 664 2777 certi
681 2734 739 2777 est:

117 2798 191 2848 Dum
205 2795 287 2847 dolor
297 2797 326 2846 in
344 2812 426 2848 cursu
444 2796 578 2862 est-dum
592 2795 662 2861 petit
677 2810 759 2862 aeger
773 2805 864 2860 opem.

83 2866 118 2915 at
131 2881 196 2917 curn
205 2863 290 2934 longa
302 2864 359 2928 dies
372 2865 482 2918 sedavit
495 2864 609 2916 vulnera
622 2863 739 2925 mentis3

116 2934 310 3001 Intempestive
323 2934 371 3003 qui
382 2933 459 2986 fovet
471 2931 529 2996 illa,
549 2939 642 2984 novat.

85 3000 160 3054 Adde
172 3002 263 3072 quod,
281 3012 364 3071 atque
381 3003 488 3055 utinam
502 3018 600 3054 verum
612 3000 665 3052 tihi
676 2996 784 3052 venerit
795 2997 891 3049 omen!
926 3020 933 3040 r

118 3072 250 3144 Coniugio
269 3071 335 3127 felix
344 3072 402 3128 iam
415 3080 494 3143 potes
505 3086 563 3123 esse
577 3085 660 3123 novo.
