2334 3842
496 256 597 313 rius.
723 245 760 308 ff
961 252 1026 321 sor
1117 250 1119 254 ’

103 404 139 474 Di
155 402 240 457 modo
252 402 320 456 dent
333 402 406 455 sires
420 400 450 454 in
462 417 526 462 mea
536 402 627 455 'verbe
639 418 710 457 mas.
832 423 834 426 ·
944 401 957 416 ²
973 403 1027 459 250

69 473 299 543 Carminibusque
313 472 530 525 meieaccedant
539 473 783 543 ponderantem,

106 548 184 607 Quae
196 552 257 593 rata
270 559 320 610 per
335 542 427 593 luctus
441 543 582 609 experiare
596 551 669 595 tuos.

68 612 145 665 Neve
159 612 218 663 sine
232 611 363 679 exemplis
376 610 436 661 aevi
447 610 573 662 cruciere
585 610 703 679 prioris3

104 681 164 738 Sint
178 688 227 731 tua
239 680 364 734 Troianis
376 696 432 731 non
446 679 552 731 leviora
562 680 653 732 malis.

68 750 235 818 Quantaque
249 748 380 819 clavigeri
393 750 538 801 Poeantius
555 749 682 801 Herculis
695 748 785 817 heres,

101 820 195 875 ,Tanta
207 827 344 870 venenato
355 816 471 869 vulnera
482 833 564 870 crure
577 834 667 885 geras.

68 888 130 941 Nec
143 887 230 938 levius
239 885 345 952 doleas,
363 901 451 956 quam,
462 887 510 956 qui
521 886 593 940 bibit
603 887 690 939 ubere
705 888 813 955 cervae,

103 960 290 1026 Armatasque
303 955 367 1007 tulit
377 956 485 1021 vulnus,
502 955 622 1006 inermis
630 972 721 1023 opem.
867 959 877 984 l

69 1025 182 1094 Quique
196 1025 230 1076 ah
244 1041 462 1095 aqam-praeceps
475 1025 504 1075 in
519 1023 599 1076 Aleia
612 1024 717 1076 decidit
730 1041 812 1088 arve;

105 1094 194 1145 Exitio
209 1094 296 1146 facies
308 1093 352 1146 cui
366 1111 415 1145 sue
427 1110 515 1162 paene
528 1093 592 1146 fuit.
616 1107 619 1115 ¹

68 1162 111 1231 Id,
130 1161 205 1232 quod
217 1162 420 1232 Amyntorides,
437 1162 545 1226 videas3
561 1161 760 1232 trepidumque
770 1160 899 1215 ministro

104 1234 263 1284 Praetentes
281 1231 393 1297 baculo,
410 1231 522 1284 luminis
537 1231 630 1296 orbus,
646 1232 709 1284 iter.

68 1302 130 1354 Nec
142 1300 204 1369 plus
216 1300 361 1368 adspicias,
379 1315 467 1369 quam·
477 1317 561 1369 quem
572 1316 622 1351 suc
632 1300 693 1351 iilia
705 1299 786 1367 rexit,
837 1320 840 1324 ·

81 1369 88 1380 ⁸
104 1369 395 1439 Expertus'scehuest
408 1368 485 1421 cuius
496 1378 615 1438 uterque
631 1386 747 1437 parens:

71 1439 167 1503 Qualis
178 1448 255 1504 eret,
265 1446 413 1507 postquam
426 1446 468 1490 est
482 1438 565 1489 iudex
580 1438 615 1490 de
631 1438 680 1490 lite
690 1439 786 1494 iocose

106 1512 227 1574 Sumtus,
242 1506 387 1576 Apollinea
401 1507 536 1559 clarus‘in
549 1516 609 1559 arte
622 1524 719 1560 senex:

72 1577 169 1644 Qualis
182 1585 210 1628 et
224 1575 271 1628 ille
284 1575 349 1639 fuit,
365 1591 420 1646 quo
435 1576 528 1644 praeci
549 1576 624 1629 iente
637 1573 769 1629 columba

23 1647 26 1658 '
106 1649 153 1697 Est
168 1645 233 1697 data
246 1645 384 1697 Palladiae
397 1646 510 1714 praevie
524 1594 635 1714 riuique
645 1646 713 1698 rati:

72 1714 182 1784 Quique
198 1714 285 1768 oculis
298 1715 396 1780 caruit,
414 1731 464 1782 per
476 1731 545 1783 quos
557 1714 632 1767 mele
643 1715 750 1768 viderat
761 1729 888 1782 aurum,-

107 1783 223 1840 Inferias
237 1792 304 1835 nato
320 1800 389 1853 quos
401 1783 477 1834 dedit
490 1784 559 1835 orba
569 1795 685 1852 parens:

71 1854 168 1905 Pastor
178 1863 209 1904 ut
222 1857 367 1919 Aetnaeus,
385 1853 431 1904 cui
443 1869 522 1903 casus
533 1862 598 1905 ante
611 1853 723 1905 futuros

106 1921 234 1973 Telemus
249 1922 411 1990 Eurymides
422 1922 587 1973 vaticinatus
601 1929 675 1974 erate
716 1943 719 1950 ’

72 1994 110 2043 Ut
125 1990 179 2042 duo
192 1990 329 2056 Phinidae,
342 2031 345 2042 .
385 1990 446 2042 ihus
459 1990 535 2042 idem
544 1991 640 2042 lumen
653 1989 768 2057 ademit,
845 2037 846 2040 ,

109 2060 163 2123 Qui
178 2058 266 2111 dedit:
284 2067 316 2109 ut
328 2008 493 2126 Thimyrae
510 2059 719 2128 Demodocique
732 2075 765 2110 ca
783 2067 825 2113 ut.
885 2057 889 2066 ’

72 2130 119 2181 Sic
135 2127 234 2197 aliquis
246 2136 299 2186 tua
314 2128 442 2180 membra
455 2135 539 2193 secet,
559 2132 691 2179 Saturnus
703 2136 735 2180 ut
749 2127 755 2137 '
779 2144 809 2181 as
884 2185 886 2190 .

7 2253 10 2254 ⁷
108 2197 253 2248 Subsecuit
263 2199 364 2267 partes,
381 2196 455 2247 unde
468 2205 576 2247 creatus
590 2205 658 2248 erat.
832 2195 839 2210 ⁵

72 2266 134 2320 Nec
154 2266 205 2317 tibi
216 2265 251 2317 sit
263 2266 364 2319 melier
377 2265 493 2317 tumidis
506 2267 650 2333 Neptunus
661 2265 691 2317 in
703 2264 795 2331 undis,

111 2340 203 2399 Quam
219 2335 265 2387 cui
273 2344 338 2387 aunt
346 2334 452 2386 subitae
466 2334 557 2386 freter
571 2343 600 2386 et
613 2351 685 2385 uxor
703 2350 781 2386 aves:

74 2403 242 2473 Sollertique
256 2404 329 2471 viro,
343 2404 455 2456 lacerae
466 2420 552 2472 quem
568 2402 662 2455 fracta
674 2411 819 2460 tenentem

59 2477 65 2482 ’
109 2473 237 2525 Membra
249 2473 316 2525 retis
333 2473 454 2524 Semeles
469 2482 511 2523 est
521 2472 652 2524 miserata
665 2489 753 2524 soror.

74 2542 126 2598 Vel
139 2552 197 2609 tua,
214 2558 249 2592 ne
262 2559 371 2611 poenae
382 2558 470 2622 genus
482 2542 537 2593 hoc
547 2541 711 2612 cognoverit
722 2557 803 2608 unus,

108 2608 223 2663 Viscera
233 2610 346 2663 dirersis
359 2628 441 2663 scisse
450 2610 577 2663 ferantur
589 2610 674 2680 equis.
758 2641 760 2645 ·
776 2642 778 2647 -

74 2679 128 2734 vel
181 2695 223 2745 ae,
241 2679 289 2747 qui
298 2679 398 2731 redimi
410 2681 535 2732 Romano
547 2689 629 2749 turpe
643 2680 759 2749 putavit,

109 2698 216 2801 Adime
227 2750 346 2801 Puniceo
359 2749 486 2817 pertulit,
500 2749 560 2817 ipse
574 2749 658 2808 feras.

7 2856 10 2864 -
75 2818 136 2871 Nec
153 2818 205 2872 tibi
219 2816 340 2870 subsidio
355 2819 392 2869 sit
403 2835 533 2886 praesens
545 2833 659 2885 numen,
675 2827 708 2870 ut
721 2816 773 2886 illi,

113 2886 162 2939 Cui
172 2886 242 2938 nihil
254 2887 353 2939 Hercei
365 2887 474 2955 profuit
487 2904 537 2939 ara
553 2886 633 2941 Iovis.

75 2958 170 3023 thue
185 2954 264 3008 dedit
274 2954 359 3007 saltus
372 2957 406 3008 de
418 2973 528 3008 summo
540 2954 687 3008 Thessalus
697 2957 780 3019 Osaa3

109 3026 154 3076 Tu
186 3041 279 3093 noque
290 3042 387 3077 saxoso
398 3025 581 3094 praecipitere
594 3025 671 3095 iugo,

75 3097 130 3147 Aut
141 3043 220 3145 reiut
230 3094 348 3161 Euryali,
368 3096 414 3164 qui
427 3097 568 3162 sceptrum
581 3095 656 3161 cepit
664 3094 700 3146 ab
712 3091 774 3161 illo,

111 3162 172 3214 sint
190 3171 267 3214 artus
284 3163 369 3214 avidis
381 3164 522 3232 ‘anguibus
539 3180 603 3214 esce
616 3163 667 3215 tui.
697 3167 700 3171 ’

75 3231 128 3286 vel
140 3241 190 3284 tua
198 3239 329 3298 maturet,
344 3231 417 3283 sicut
429 3232 533 3283 Minoia
547 3232 616 3297 feta,
640 3251 644 3262 ·
672 3270 676 3277 .

112 3303 165 3353 Per
176 3309 261 3368 ceput
271 3300 378 3352 infusae
390 3300 513 3363 fervidus
523 3301 627 3358 humor
636 3315 741 3368 aquae3

78 3373 171 3442 thue
182 3379 284 3440 parum
295 3369 367 3439 miti,
385 3369 434 3423 sed
442 3386 501 3422 non
509 3370 635 3439 impune,
650 3367 841 3433 Prometheus,
