2334 3842
227 241 457 301 TRISTIUM
476 242 562 299 mu.
582 243 630 302 Ν.
652 244 715 300 EL.
733 245 780 301 w.
801 245 836 306 V.
945 246 1017 331 191ἐ

89 388 148 442 Nec
165 388 257 441 minus
273 385 362 441 infide
376 396 453 441 terra
468 387 584 442 timetur
601 404 683 460 aqua.
975 398 1011 451 60

59 457 106 524 Illi,
125 474 197 528 quos
208 457 287 510 audis
297 458 443 510 hominum
456 458 579 529 gandera
592 476 704 528 cruore,

88 530 179 580 Paene
196 527 247 580 suh
265 526 389 579 eiusdem
406 527 502 580 sideris
519 544 569 580 axe
586 529 688 582 iacent.

60 597 112 649 Nec
121 595 224 664 procul
240 612 256 647 a
270 595 351 648 nobis
364 595 444 649 locus
457 604 506 663 est,
523 596 572 649 ubi
585 599 706 651 Taurica
719 598 781 655 dira

91 664 180 718 caede
193 665 372 734 pharetratae
385 667 508 734 pascitur
522 682 572 718 ara
585 666 662 720 deae.
925 726 927 731 ,

60 736 129 787 Haec
145 733 236 804 prius,
252 741 284 786 ut
296 743 462 799 memorant,
478 751 536 786 non
552 735 688 788 invidiosa
698 736 838 808 nefandis,
975 741 1012 796 65

91 806 148 856 Nec
163 802 307 873 cupienda
315 803 405 870 honis,
422 820 510 873 regna
519 804 653 856 Th0antis
667 815 757 861 mant.

62 873 108 926 liic
118 889 172 942 pro
185 872 327 941 supposita
339 872 420 943 virgo
432 871 564 941 Pelopeia
580 890 663 926 cerva

93 947 178 994 Sacra
194 941 265 994 deae
278 940 367 994 coluit
378 941 583 1011 qualiacunque
595 958 670 1003 suae,

63 1012 118 1076 Quo
132 1019 294 1082 postquam,
311 1010 427 1063 dubiiim
442 1011 504 1079 pius
521 1028 559 1062 an
574 1011 733 1078 sceleratus,
750 1015 861 1069 orata

92 1084 211 1133 Exactus
223 1077 312 1131 Furiis
323 1086 440 1132 venerat
450 1079 509 1147 ipse
519 1078 584 1145 suis,
979 1083 1015 1137 70

62 1151 93 1201 Et
103 1165 198 1203 cornes
206 1147 372 1218 veulampium
384 1148 444 1200 veri
457 1147 588 1200 Phoceus
596 1149 708 1214 amoris,
779 1148 784 1156 '
932 1152 938 1169 “

94 1219 147 1283 Qui
166 1217 222 1270 duo
240 1217 416 1286 corporibus,
434 1218 573 1271 mentibus
590 1235 661 1271 unus
678 1227 775 1284 erant;

63 1288 189 1340 Protinus
203 1287 304 1338 evincti
317 1286 426 1338 Triviae
438 1286 578 1339 ducuntur
590 1287 625 1339 ed
636 1304 724 1354 aram,

95 1360 174 1421 Quae
190 1356 284 1408 stabat
299 1355 425 1426 geminas
440 1363 507 1407 anta
523 1366 640 1408 cruenta
655 1357 741 1412 fores.

63 1425 118 1478 Nec
128 1434 227 1478 tamen
237 1425 312 1479 hune
322 1441 372 1477 sua
383 1441 469 1491 mors,
487 1441 539 1477 nec
553 1441 630 1478 mors
642 1443 694 1479 sua
705 1425 807 1481 terruit
817 1425 913 1481 illum:
981 1427 1017 1484 75

94 1495 173 1547 Alter
184 1494 221 1547 ob
233 1493 345 1546 alterius
356 1493 457 1551 funera
469 1500 591 1547 moestus
604 1504 672 1548 erat.

65 1565 164 1616 Etiam
177 1563 341 1616 constiterat
357 1562 454 1615 stricto
471 1576 609 1616 mucrone
622 1564 768 1632 sacerd0s3

96 1633 226 1686 cinxerat
240 1640 269 1684 et
283 1631 379 1684 Graias
389 1630 510 1685 barbara
523 1632 594 1685 vitta
606 1650 716 1686 comas:

67 1703 131 1755 Cum
144 1702 208 1754 viee
221 1701 358 1754 scammis
369 1700 488 1753 matrem
500 1702 641 1775 cognovit,
660 1713 689 1756 et
699 1702 742 1756 illi
829 1738 838 1748 -

96 1774 149 1824 Pro
162 1787 233 1823 nece
245 1769 404 1839 complexus
416 1769 558 1852 Iphigenia
571 1771 657 1825 dedit.
675 1796 678 1799 ·
763 1800 765 1803 ·

66 1842 149 1893 Laeta
164 1839 232 1891 deae
246 1839 365 1910 signum,
384 1838 510 1892 crudelia
522 1857 604 1893 sacra
616 1857 742 1911 perosae,

97 1908 251 1963 Transtulit
264 1925 297 1961 ex
308 1907 364 1960 illis
375 1907 406 1960 in
418 1908 536 1960 meliora
548 1909 629 1962 locis.

67 1979 139 2031 llaec
152 1978 240 2048 igitur
251 1976 339 2047 regio,
357 1977 452 2047 magni
484 1994 528 2029 ars
539 1978 639 2031 ultima
650 1979 758 2046 mundi,

100 2052 191 2112 Quam
206 2046 304 2116 fugere
316 2046 442 2098 homines
453 1994 544 2116 dique,
569 2044 726 2118 propinqua
735 2047 805 2100 mihi
815 2056 865 2102 est.

70 2116 171 2198 [Atque
187 2131 282 2167 meam
296 2120 401 2171 terram
414 2130 503 2184 prope
519 2124 582 2167 sunt
594 2116 732 2170 funebria
738 2134 826 2184 sacra,
985 2115 1021 2170 85

43 2209 44 2212 ¹
100 2190 128 2238 81
144 2184 232 2238 modo
250 2184 353 2236 Nasoni
369 2184 490 2236 barbara
507 2193 584 2236 tarra
601 2203 651 2237 sua
668 2187 728 2255 est]

70 2258 90 2306 0
106 2256 217 2306 utinam
233 2253 318 2318 venti,
336 2253 435 2322 quibus
453 2261 494 2304 est
511 2253 620 2305 ablatus
638 2258 755 2322 Orestes,
820 2272 828 2282 '-

100 2323 217 2377 Placato
234 2321 360 2375 referant
377 2331 406 2375 et
422 2338 487 2375 mea
500 2321 563 2374 vela
580 2322 648 2377 deo!
679 2390 682 2401 ἵ

351 2502 743 2596 unicium

29 2673 33 2685 ’
74 2622 113 2713 0
133 2660 203 2715 mihi
220 2661 338 2722 dilectos
353 2663 426 2717 inter
442 2681 501 2717 sors
516 2663 609 2734 prima
625 2662 741 2729 sodales,
830 2708 832 2710 .
921 2666 931 2699 ἰ

115 2733 207 2784 Unica
222 2732 342 2785 fortunis
359 2750 408 2786 ara
424 2743 536 2804 reperta
552 2733 655 2797 meis,

73 2800 158 2852 Cuius
174 2801 209 2852 ab
226 2801 354 2871 alloquiis
372 2802 465 2855 anima
477 2803 546 2854 haec
564 2800 732 2855 moribunda
744 2798 852 2854 revixit¹
930 2806 933 2819 ¹
966 2867 969 2872 .

107 2874 148 2922 Ut
158 2869 226 2951 vigil
241 2870 334 2924 infusa
344 2871 456 2924 Pallade
466 2871 586 2924 flamma
599 2870 685 2922 solet:
940 2876 943 2879 '
974 2876 978 2885 ‘

74 2939 129 3002 Qui
141 2947 246 2991 veritus
257 2952 315 2992 non
329 2957 357 2992 es
368 2939 588 3010 portus‘aperire
598 2938 704 3004 fideles,

105 3007 235 3059 Fulmina
252 3026 398 3078 percussae
415 3010 633 3081 confugiumque
649 3008 717 3060 ratis

75 3077 158 3128 Cuius
176 3093 253 3128 eram
271 3094 355 3131 censu
370 3095 429 3131 non
445 3096 492 3145 me
509 3094 638 3130 sensurus
655 3084 792 3148 egentem,
875 3120 877 3127 .

108 3145 139 3197 ai
158 3145 256 3198 Caesar
291 3147 375 3199 atrias
392 3148 536 3219 eripuisset
553 3163 633 3217 opes:
825 3150 828 3155 “

74 3214 222 3282 Temporis
234 3165 354 3268 obiitum
367 3216 434 3269 dum
448 3234 493 3268 me
508 3216 582 3284 rapit
598 3216 716 3284 impetus
731 3214 824 3280 huius,

109 3282 220 3334 Excidit
233 3283 290 3336 heu
304 3302 408 3338 nomen
422 3303 508 3356 quam
518 3284 588 3337 mihi
600 3301 688 3355 paene
700 3284 794 3336 tuum!
994 3275 1029 3329 10

75 3351 116 3405 Te
132 3360 231 3404 nmen
246 3354 391 3425 agnoscis:
408 3362 555 3426 tactusque
573 3354 701 3424 cupidine
718 3350 818 3415 laudis,
