2334 3842
159 224 189 278 a.
212 222 269 278 ov.
290 221 367 278 ms.
385 213 496 278 ruse.
517 222 568 278 ex
587 222 717 278 rouro
737 223 804 277 ma
825 197 877 276 1v.'
892 224 948 278 ee.
968 219 1106 289 xviam

262 367 382 420 Numina
392 367 478 439 longe
488 383 568 421 mora
579 374 638 432 eat,
654 366 781 422 camnine
792 368 890 441 vulgus
903 367 1006 423 habet:

228 438 323 490 Eatent
337 446 365 489 et
378 436 503 502 iuvenes,
522 452 643 517 quorum
659 436 735 505 quod
749 438 854 492 inedita
868 455 936 492 euru
952 448 1004 508 est,

176 504 212 562 4⁰
261 506 498 575 appellandorum
510 505 551 557 ml
566 504 634 556 mihi
648 504 716 557 iuris
729 506 821 572 adest3

226 577 266 629 Te
280 584 376 627 tamen
388 576 418 627 in
430 575 513 627 turbe
526 591 583 626 non
597 573 701 641 ausim,
720 577 816 641 Cotta,
833 576 927 644 silere,

260 645 401 698 Pieridum
413 644 524 707 lumen,
540 643 764 713 praesidiumque
778 644 843 698 fori.
863 657 866 660 ’

173 717 176 724 ’
228 715 368 767 Metemos
380 715 470 765 Cottas
483 711 528 765 eui
541 711 735 782 Messallasque
749 723 882 782 paternos

263 782 382 835 Maxima
396 782 527 835 nobilitas
542 780 714 852 ingeminata
726 782 810 835 dedit.

178 849 214 906 45
230 850 329 904 Dicere
341 851 365 903 si
376 851 419 903 fas
433 860 489 919 eat,
507 850 583 904 claro
597 867 662 903 mea
673 851 787 922 uomina
799 853 899 916 Mune·

261 925 351 991 Atque
361 919 434 972 inter
445 928 553 985 tantos,
571 936 643 990 quae
653 919 808 990 legeretur,
826 928 895 973 erat.

113 997 117 1006 ’
135 1027 140 1036 ,
226 991 299 1059 Ergo
314 989 475 1044 submotum
487 989 578 1059 patria
592 989 787 1057 proscindere,
803 989 887 1055 livor,

260 1056 375 1125 Desine,
394 1075 451 1111 neu
464 1060 570 1112 eineres
581 1074 696 1128 sparge,
714 1067 843 1125 eruente,
861 1074 949 1113 meos.

229 1128 327 1179 Omnia
337 1128 521 1197 perdidimus:
538 1126 735 1180 tautummodo
748 1125 805 1179 vita
816 1126 916 1179 relicta
927 1138 977 1196 eat,

180 1193 215 1250 60
264 1196 399 1249 Praebeat
412 1206 443 1249 ut
453 1214 564 1249 eentum
577 1195 781 1266 materiamque
794 1196 884 1250 malie.
933 1228 935 1234 f

229 1264 302 1331 Quid
314 1266 389 1318 iuvat
401 1267 549 1319 exstinctos
563 1264 671 1317 ferrum
684 1266 824 1317 dimittere
837 1264 867 1316 in
882 1263 977 1318 arttu?

262 1336 325 1389 Nou
337 1335 421 1389 habet
433 1336 464 1390 iu
479 1334 559 1389 nobie
573 1334 633 1388 iam
646 1352 719 1388 nova
732 1334 817 1406 plaga
827 1333 932 1410 locum.
