2334 3842
474 244 585 304 ‘sela

69 389 134 453 Sic,
150 387 268 442 ubirita
278 396 342 444 tuoe
357 387 445 444 invisa
455 389 603 461 reliquerit
611 400 701 461 amau,
714 405 716 411 '

104 457 214 511 Ultores
226 459 336 528 rapiant
348 467 431 528 turpe
446 459 565 524 cadaver
580 462 653 531 equi.

68 527 182 581 Viscera
196 527 237 579 sic
251 527 351 598 aliquis
362 528 493 597 scopulus
502 538 552 582 tua
565 529 644 610 fissat‘
656 540 688 584 ut
701 532 769 586 olim

102 596 168 647 Fixa
178 596 229 648 suh
243 597 366 650 Euboico
379 598 464 650 Graia
475 598 555 650 fuere
566 616 640 660 amu.
726 647 728 651 Α

68 668 160 734 thne
173 666 253 719 feror
265 665 349 735 periit
361 673 389 718 et
402 666 522 722 fulmine
537 677 565 719 et
575 685 698 740 aequore
712 679 824 741 raptor3

100 733 147 787 Sic
163 744 193 787 te
205 752 343 787 mersuras
358 735 468 789 adiuvet
485 736 556 807 ignis
569 754 663 805 aquas.

64 802 145 858 Mens
158 820 269 875 quoque
280 804 323 857 sic
329 804 418 858 Furiis
428 822 526 859 vecors
537 807 672 876 agitetur,
688 817 720 861 ut
728 808 779 878 illi,

100 876 195 927 Unum
208 873 254 926 cui
267 882 327 926 toto
342 891 460 944 corpore
471 875 570 926 vulnus
583 885 653 930 erat.

64 944 161 1012 thue
175 943 343 1023 Dryantidae
357 943 520 1012 Rhodopeia
530 961 562 995 re
602 963 619 997 a
630 948 748 1013 tenenti,

98 1014 133 1063 ln
147 1029 260 1093 gemino
275 1012 369 1081 dispar
382 1013 427 1064 eui
439 1013 540 1082 pedec
571 1021 696 1068 luserat.

13 1089 17 1100 ’
65 1084 102 1133 Ut
117 1081 173 1133 lun
186 1086 288 1134 Oetaeo
304 1082 464 1152 quondam,
481 1098 641 1151 generoque
654 1084 819 1154 draconum,

97 1150 296 1220 Tisamenique
306 1150 394 1220 patri,
412 1150 619 1221 Callirhoesque
633 1153 704 1209 viro.

61 1221 124 1284 Nec
141 1220 193 1271 tibi
205 1219 350 1289 contingat
363 1228 493 1271 matrona
506 1220 636 1289 pudicior
646 1222 706 1290 illa,

98 1292 162 1352 Qua
174 1289 266 1357 potuit
278 1288 387 1356 Tydeus
403 1289 544 1342 erubuisse
556 1306 640 1342 nuru.

61 1360 199 1427 Quaeque
214 1357 256 1408 sui
266 1358 403 1410 Venerem
415 1358 504 1409 iunxit
517 1358 679 1414 cumfratre
691 1359 800 1428 mariti,-

96 1427 194 1479 Locris
207 1426 237 1478 in
250 1425 369 1480 ancillae
379 1426 549 1484 dissimulata
559 1445 668 1481 necem.
764 1447 765 1450 ¹

59 1498 97 1549 tn
112 1512 225 1565 quoque
238 1504 298 1547 tam
310 1495 417 1549 faciant
428 1496 514 1565 possis
531 1497 654 1567 gaudere
666 1497 743 1550 lideli

96 1565 235 1636 Coniuge,
254 1582 340 1634 quam
353 1565 447 1632 Talai,
463 1567 602 1634 Tyndarei
642 1585 672 1629 e,
690 1581 786 1638 gener.

60 1636 197 1715 Quaeque
209 1640 309 1702 parare
322 1634 377 1686 suis
392 1633 480 1687 letum
492 1584 665 1703 patruehlliiu
679 1652 763 1690 ausae

98 1704 207 1756 Belides
219 1703 327 1755 assidua
340 1703 414 1756 colla
426 1714 593 1773 premuntur
604 1723 620 1757 a
660 1723 685 1760 a.

58 1772 194 1842 Byblidos
207 1781 235 1823 et
248 1774 383 1839 Canaces,
401 1773 473 1826 sicut
486 1774 570 1841 facit,
587 1792 620 1826 ar
639 1783 683 1830 eat
696 1775 776 1846 igne:

95 1844 172 1906 Nec,
190 1841 240 1892 nisi
249 1858 302 1920 per
316 1841 438 1909 crimen,
456 1843 491 1895 sit
501 1844 554 1896 tibi
567 1852 637 1895 nota
651 1861 741 1900 soror.

58 1911 132 1970 Filia
147 1910 169 1961 si
182 1909 283 1975 fuer1t3
302 1910 338 1964 sit
351 1911 427 1980 quod
438 1912 556 1981 Pelopea
569 1913 716 1983 Thyestae,
743 1961 746 1966 .

94 1979 210 2049 Myrrha
222 1996 272 2031 suo
283 1979 374 2047 patri,
391 1982 612 2051 Nyctimeneque
626 2000 684 2035 suo.

56 2050 132 2103 Filia
147 2064 217 2100 nare
231 2048 319 2118 magis
336 2049 421 2116 capiti
436 2049 472 2100 sit
484 2049 540 2101 fida
552 2052 686 2117 parentis,

93 2122 188 2182 Quam
204 2116 256 2168 tibi
272 2116 331 2181 vel,
347 2117 473 2183 Pterela,
490 2117 536 2169 vel
549 2119 613 2184 tibi,
629 2120 708 2182 Nise,
726 2118 797 2171 fuit:

56 2189 256 2255 Infamemque
269 2185 365 2238 locum
377 2185 489 2238 sceleris
502 2204 573 2257 quae
587 2187 700 2239 nomine
711 2187 792 2254 fecit,

93 2256 198 2310 Pressit
211 2264 239 2307 et
250 2254 371 2307 inductis
384 2256 511 2309 membra
522 2265 640 2323 paterna
655 2256 740 2310 rotis:

56 2332 95 2381 Ut
108 2326 239 2389 iuvenes,
258 2341 369 2393 pereas,
386 2341 507 2393 quorum
518 2325 631 2397 fastigia
642 2325 736 2379 vultus

93 2394 169 2447 Olim
182 2385 292 2448 Pisaeae
307 2393 462 2446 sustinuere
475 2394 553 2448 ioris.

57 2469 96 2519 Ut
111 2464 161 2532 qui
173 2462 317 2532 perfusam
332 2463 499 2516 miserorum
511 2480 594 2533 saepe
605 2478 759 2532 procorum

7 2576 13 2581 .
92 2538 158 2602 Ipse
171 2549 220 2584 suo
236 2531 334 2586 melius
348 2534 482 2603 sangiune
497 2533 577 2585 tinnit
588 2533 716 2585 inimum.
753 2539 754 2544 ’

54 2602 192 2657 Proditor
203 2610 235 2653 ut
247 2600 321 2652 saevi
334 2602 418 2670 periit
429 2601 527 2672 auriga
537 2602 665 2670 tyranni,

94 2671 150 2738 Qui
163 2687 236 2722 nova
250 2671 376 2737 Myrtoae
389 2671 503 2724 nomina
522 2671 592 2724 fecit
605 2686 703 2741 aquae.

54 2743 96 2794 Ut
110 2740 160 2809 qui
172 2738 298 2791 velocem
311 2739 415 2794 frustra
428 2741 533 2809 petiere
545 2740 683 2809 puellum

91 2812 170 2861 Dum
183 2815 266 2877 capta
278 2814 319 2859 est
331 2809 423 2877 pomis
436 2809 543 2862 tardior
554 2809 604 2861 illa
617 2811 714 2862 tulus.

55 2883 95 2934 Ut
112 2878 162 2946 qui
174 2885 266 2943 tecta,
284 2878 349 2929 novi
362 2877 484 2930 formam
499 2877 618 2932 celantia
630 2878 758 2948 monstri,

90 2951 237 3000 Intrarunt
253 2962 353 2998 caecae
366 2965 423 2999 non
437 2947 580 3000 redeunda
593 2948 700 3002 doinus.

54 3019 95 3070 Ut
110 3029 233 3085 quorum
245 3015 376 3068 Aeacides
390 3016 468 3068 misit
481 3016 618 3069 violentus
629 3018 658 3069 in
673 3013 745 3069 altos

93 3088 220 3152 Corpora
234 3099 299 3134 cum
313 3086 388 3138 senis
400 3086 488 3138 altera
501 3102 568 3137 sena
578 3101 672 3155 rogos.
712 3105 714 3108 ¹

34 3158 95 3207 -Ur
112 3170 201 3222 quos,
220 3152 331 3204 obscuri
345 3151 419 3206 lusos
436 3154 517 3207 anaba
541 3155 599 3206 'bus
612 3156 676 3220 oris,

91 3222 224 3292 Legimus
238 3220 368 3275 infandae
380 3224 503 3342 thinga
536 3223 624 3275 edisse
638 3224 711 3278 neci.

52 3296 95 3345 Ut
109 3291 159 3360 qni
172 3290 310 3342 Bistoniae
323 3299 399 3360 temp
412 3309 428 3344 o
443 3291 571 3345 cecidere
580 3293 738 3357 Minervee3

91 3359 301 3430 Propterquod
311 3359 398 3415 iacies
410 3378 486 3415 nunc
497 3377 611 3433 quoque
623 3370 701 3416 tecta
713 3362 783 3417 deae
798 3366 850 3416 est.
