2334 3842
293 263 520 321 nmmum
540 262 624 318 LIB-
644 263 669 318 l'.
687 264 754 320 Bu
775 266 813 320 Π.
960 262 1024 331 m

110 413 188 480 Quod
198 411 292 483 periit,
310 409 419 481 salutm
430 409 490 477 lusu
504 412 590 478 'capiat
605 410 775 481 efflefloteit.
872 448 876 455 ·

77 488 115 539 Ut
126 500 201 537 mare
215 472 501 549 considat'lentisque
517 474 671 531 ferentibus
684 489 763 546 utar3

112 557 145 605 Ut
156 552 225 605 mihi
236 550 370 621 parcatis;
388 567 456 601 num
468 548 559 617 minus
574 548 650 601 exsul
664 549 734 603 erol
796 582 798 587 ·
816 582 819 587 ·

77 624 137 676 Nun
148 638 199 693 ego
214 621 323 677 divitias
336 618 430 670 avidus
440 617 498 671 sine
511 618 567 669 fine
582 617 702 691 parandi
990 623 1024 681 75

111 694 208 744 Latum
220 683 360 743 mutandis
375 688 514 740 mercibus
525 703 632 757 aequor
643 705 710 747 aro:
823 676 827 695 ⁸
913 678 917 689 ’

79 763 133 815 Nec
143 768 219 829 peto,
238 776 305 829 quas
317 757 457 828 quondam
467 755 536 825 petii
546 754 694 824 studiosus,
709 755 846 815 Athenas:

112 828 215 898 Oppida
227 847 284 880 non
301 828 393 888 Asiae,
411 844 469 878 non
483 825 546 876 loca
558 826 616 876 visa
629 826 714 893 prius.
847 826 849 833 '

59 924 64 931 *
79 899 193 960 linunt,
210 897 361 949 Alexandri
374 895 479 948 claram
493 894 601 946 delatus
611 894 641 945 in
656 895 766 966 urbem,

110 967 226 1023 Delicias
240 966 359 1031 viderim,
376 964 438 1016 Nile
452 965 555 1031 iocose,
570 970 642 1017 tuas.

80 1037 159 1102 Quod
169 1034 268 1087 faciles
283 1044 349 1103 opto
365 1042 471 1099 ventos,
488 1032 549 1103 quis
564 1032 679 1085 credere
692 1034 798 1103 possit?

112 1105 241 1157 Sarmatia
256 1114 298 1157 est
312 1103 403 1168 tellus,
423 1120 507 1173 quarn
523 1117 587 1154 mea
596 1110 661 1154 vota
675 1111 783 1172 petunt.

80 1173 199 1246 Obligat,
213 1183 244 1225 ut
259 1183 373 1244 tangam
388 1171 460 1224 laevi
473 1170 535 1222 fera
544 1170 642 1222 littora
655 1171 749 1238 Ponti3

113 1243 246 1313 Quodque
254 1243 292 1294 sit
302 1260 319 1294 a
330 1242 421 1313 patria
434 1250 493 1293 tarn
506 1239 576 1320 fuga
588 1239 680 1301 tarda,
699 1256 811 1311 queror.

80 1311 174 1367 Nescio
187 1329 241 1382 quo
253 1312 365 1363 videam
380 1310 485 1379 positos
498 1318 529 1360 ut
541 1327 571 1360 ιιι
586 1309 654 1361 orbe
669 1312 802 1379 Tomitas,

111 1377 214 1434 exilem
223 1381 298 1433 facio
312 1398 365 1450 per
374 1397 438 1431 mea
448 1387 516 1431 vota
528 1378 612 1431 viam.
759 1380 763 1387 “

81 1452 130 1503 Seu
143 1468 188 1503 me
198 1449 322 1521 diligitis,
338 1457 431 1501 tantos
442 1448 612 1516 compescite
626 1446 737 1515 Ructat,

111 1522 254 1590 Pronaque
266 1520 322 1570 sint
333 1527 446 1571 nostrae
458 1516 573 1569 numina
588 1525 681 1570 vestra
694 1516 766 1583 rati;

81 1591 131 1642 Seu
145 1590 234 1668 magis
247 1586 353 1653 odistis,
371 1586 459 1639 iussae
471 1603 517 1639 me
530 1586 665 1638 advertite
680 1595 783 1643 ternae.

112 1658 316 1727 Supphcii‚pars
329 1666 370 1708 cst
383 1656 411 1707 in
425 1658 540 1727 regione
554 1655 619 1708 mei.
734 1712 738 1717 ,

81 1728 164 1793 Ferte,
177 1727 246 1797 quid
258 1726 304 1778 hic
317 1724 413 1778 facio?
429 1725 520 1795 rapidi
532 1741 595 1776 mea
608 1723 724 1777 carbasa
732 1724 818 1780 renti.

111 1797 244 1848 Ausonios
254 1796 323 1846 fines
338 1811 388 1847 cur
401 1811 465 1846 mea
478 1795 540 1845 vela
552 1792 669 1844 vident?

31 1866 32 1871 ’
82 1865 173 1918 Noluit
186 1865 242 1917 hoc
258 1867 372 1916 Caesar:
393 1864 471 1933 quid,
487 1881 572 1934 quern
585 1862 668 1934 fugat
678 1859 737 1932 ille,
751 1862 874 1925 tenetis?
913 1866 926 1871 ”

112 1933 251 2004 Adspiciat
260 1933 353 1995 vultus
365 1933 481 1985 Pontica
493 1942 571 1984 terra
583 1949 670 1985 meos.
879 1930 883 1937 '
906 1932 910 1943 '

82 2002 208 2071 Etiubet,
229 2012 256 2055 et
266 1998 370 2054 merui:
392 2018 454 2065 nec,
472 2019 543 2082 quae
558 2000 733 2054 damnaverit
743 2000 804 2070 ille,

113 2072 234 2129 Crimina
248 2071 360 2125 defendi
373 2070 450 2122 fasve
463 2088 575 2139 piumve
587 2077 667 2139 puto.
815 2126 818 2133 ¹

82 2140 108 2192 si
120 2148 213 2193 tamen
224 2148 287 2192 acta
303 2138 369 2192 deos
381 2156 526 2209 nunquam
540 2138 670 2191 mortalia
684 2137 800 2202 fallunt3

113 2215 134 2262 A
148 2211 231 2280 culpa
241 2209 352 2261 facinus
365 2209 439 2260 scitis
452 2208 547 2259 abesse
559 2223 632 2259 mea.

31 2298 32 2305 ¹
83 2280 167 2332 Immo
178 2281 226 2347 ita,
245 2295 294 2330 vos
303 2278 389 2335 scitis.
409 2277 436 2328 si
450 2294 496 2328 me
507 2290 585 2329 meus
600 2273 713 2328 abstulit
722 2288 812 2345 error,

116 2348 259 2418 Stultaque
274 2340 353 2399 niens
365 2346 453 2409 nobis,
466 2363 523 2397 non
534 2345 679 2410 scelerata,
695 2342 764 2396 fuit:

85 2417 238 2480 Quamlibet
251 2416 409 2481 eminirnis,
426 2415 521 2469 domui
536 2415 559 2467 si
573 2414 694 2466 favimus
709 2412 767 2466 illi:

113 2486 139 2537 si
149 2487 212 2538 satis
224 2487 338 2556 Augusti
372 2484 466 2536 ublica
479 2486 551 2536 iussa
563 2483 649 2537 mihi:
958 2530 961 2541 ,

84 2554 139 2607 Hoc
151 2558 227 2607 Duce
239 2556 261 2606 si
278 2556 333 2606 dixi
347 2504 442 2606 lllicia
456 2555 575 2618 saecula,
593 2568 701 2625 proque
783 2586 785 2591 ·

115 2627 228 2677 Caesare
241 2634 305 2676 tura
319 2624 381 2693 pius
391 2624 609 2694 Caesaribusque
622 2622 694 2689 dedi,
847 2628 851 2636 “
907 2624 910 2631 “

83 2692 174 2745 struit
188 2694 233 2746 hic
247 2694 355 2746 animus
370 2692 464 2756 nobis3
483 2693 523 2744 ita
535 2693 653 2762 parcite,
672 2690 744 2744 Divi.
760 2696 774 2703 “’
864 2698 867 2703 ’

115 2763 160 2813 Sin
173 2764 282 2824 minus;
317 2761 373 2815 alta
387 2762 487 2814 cadens
499 2763 599 2815 obruat
612 2759 687 2812 unda
701 2768 795 2829 caput.

85 2829 191 2883 Fallorl
209 2850 245 2884 an
256 2832 394 2900 incipiunt
406 2831 537 2902 gravidae
551 2846 699 2883 vanescere
713 2828 811 2896 nubes,

115 2900 247 2970 Victaque
263 2900 363 2952 mutati
376 2899 516 2969 frangitur
527 2901 568 2951 ira
584 2897 690 2951 maris?

85 2966 243 3034 liemarus,
263 2969 311 3021 sed
323 2986 371 3021 vos
385 2968 610 3022 sub-conditione
625 2965 725 3032 vocati,
780 2974 783 2981 ’
818 2992 820 2999 v

115 3038 220 3095 Fallere
232 3056 301 3112 quor
312 3056 371 3093 non
386 3047 436 3104 est,
453 3037 525 3091 hanc
537 3037 607 3091 mihi
620 3037 700 3090 fertis
712 3046 805 3109 opem.

920 546 925 553 ⁴
940 548 951 573 N

450 3202 655 3226 ἡ
