2334 3842
125 221 131 232 ’
161 250 874 313 eursu.exrourot1e.1v.uu1x.
894 255 928 308 x.
971 252 1032 318 291

83 401 147 455 uec
169 399 267 453 vestris
278 398 375 454 demus
386 398 457 452 hoec
472 397 572 465 'oculis
587 398 688 470 procul
704 398 782 452 Urbe
797 398 916 452 remoti:

122 470 252 523 Contenti
272 470 358 522 tacite
368 468 417 520 sed
429 469 531 537 pietate
542 485 646 521 sumus.

86 541 121 591 Et
132 548 226 591 temen
246 538 316 591 haec
334 546 451 608 tangent
464 538 614 607 eliquendo
635 536 757 590 Caesaris
771 553 862 591 eines.
895 557 898 564 ’
985 536 1034 593 125

106 605 268 669 uitulum,
291 615 353 660 toto
374 606 448 675 quod
461 607 494 662 fit
507 608 537 659 in
553 606 631 674 orbe,
647 606 725 660 latet.

85 678 128 731 Tu
142 684 218 729 certe
228 676 281 729 scis
293 676 358 741 hoc,
375 676 484 745 Superis
502 675 614 740 adscite,
632 677 774 745 videsque,

120 748 235 807 Caesen
270 754 301 797 ut
313 754 354 796 est
366 744 452 797 oculis
464 743 574 800 subdite
592 752 668 797 terre
678 747 745 799 tuis.

84 815 127 868 Tu
139 823 249 866 nostras
263 811 340 865 undis
352 814 425 866 inter
440 831 563 866 convexa
577 812 688 866 locatus

119 884 225 948 sidera,
249 882 367 944 sollicito
386 900 453 953 ques
473 883 570 950 demus
588 899 645 950 ore,
663 899 733 951 pree

82 953 249 1005 Pervenient
260 954 330 1006 istuc
348 960 375 1004 et
388 953 513 1006 carmina
524 952 642 1003 forsitan
657 952 716 1019 illu,

118 1025 196 1090 Ques
212 1020 245 1073 de
257 1030 287 1073 te
300 1020 363 1089 enisi
377 1021 478 1074 coelite
492 1021 568 1074 fuste
580 1038 663 1074 noso.
790 1080 792 1084 ¹

82 1094 214 1161 Auguror
227 1090 268 1143 his
279 1090 364 1161 igitur
376 1090 456 1142 flecti
479 1099 529 1143 tue
538 1090 670 1154 numine3
694 1104 749 1143 nee
761 1098 794 1146 tu

116 1159 262 1214 Immerito
285 1176 388 1221 nomen
405 1159 474 1212 mite
486 1159 612 1212 Parentis
629 1159 724 1211 hebes

683 1263 694 1272 a

196 1328 683 1395 ··EPffiToLA
751 1328 804 1398 K

227 1449 825 1505 senoruovrnu

79 1534 149 1620 Hie
159 1566 230 1632 mihi
240 1566 389 1621 Cimmerio
406 1568 449 1621 lris
464 1567 549 1622 tertia
569 1566 682 1621 ducitur
704 1576 808 1629 uestes·

72 1644 74 1648 ’
118 1637 237 1703 Littore,
253 1637 364 1706 pellitos
375 1638 448 1690 inter
464 1637 573 1708 agenda
593 1641 684 1690 Getas,

78 1708 189 1776 Ecquos
202 1714 233 1757 tu
247 1707 347 1772 silices,
365 1706 484 1776 ecquod,
503 1707 658 1773 carissime,
673 1706 782 1759 ferrum

112 1774 239 1826 Duritiee
251 1776 378 1842 confers,
396 1776 576 1841 illusorem,
595 1776 693 1829 meae?

78 1845 164 1897 Gutta
185 1854 265 1896 cavet
277 1844 417 1915 lapidem
452 1846 624 1898 consumitur
637 1844 754 1897 annulus
771 1859 841 1909 usu;

110 1916 145 1965 Et
158 1914 259 1965 teritur
273 1931 366 1982 presse
379 1931 476 1967 vomer
494 1914 618 1966 aduncus
635 1915 732 1968 humo.
852 1975 855 1980 ,
895 1963 897 1968 ,

76 1983 199 2051 Tempus
214 1981 283 2034 eder
295 1984 388 2053 igitur,
405 1992 516 2051 praeter
535 2000 595 2048 nos,
612 1981 843 2051 omnie'perdct?

86 2081 95 2094 ·
111 2054 207 2103 Cesset
220 2050 321 2101 durinc
332 2067 409 2101 mors
423 2066 534 2130 quoque
549 2051 624 2103 victe
646 2069 718 2105 mee.

76 2120 242 2189 Exemplum
255 2128 296 2170 est
309 2118 395 2170 enirni
407 2119 526 2172 nimium
542 2117 675 2186 patientis
688 2118 792 2183 Ulixes,

108 2189 231 2241 lactatus
255 2187 342 2256 ¹duilio
356 2204 408 2256 per
419 2188 474 2238 duo
486 2186 574 2238 lintre
589 2187 671 2239 meri.

75 2259 217 2327 Tempora
228 2256 343 2310 solliciti
353 2256 402 2310 sed
413 2273 470 2308 non
484 2263 579 2308 temen
592 2255 686 2307 omniu
697 2254 752 2308 fati

107 2326 242 2387 Pertulit3
262 2335 290 2378 et
302 2325 428 2394 placidae
441 2341 522 2392 seepe
538 2324 619 2377 fuere
636 2341 742 2388 mores.

76 2400 116 2448 An
130 2413 216 2466 greve
230 2411 277 2446 sex
293 2394 371 2447 annis
394 2393 522 2463 pulcrum
537 2394 641 2446 fovisse
658 2395 788 2464 Calypso,

107 2472 327 2544 Aequoreosque
340 2463 395 2515 fuit
407 2463 591 2516 concubuisse
603 2464 694 2516 deae?

74 2531 380 2602 Excip1tflippotade23
400 2532 448 2603 qui
465 2533 512 2585 das
524 2551 576 2601 pro
591 2550 708 2586 munere
728 2539 837 2597 ventos,

108 2605 214 2655 Curvet
227 2610 258 2653 ut
271 2602 403 2671 impulsos
419 2601 494 2654 utilis
517 2620 584 2655 eure
603 2603 686 2655 sinus.

74 2672 133 2726 Nec
145 2672 218 2724 bene
233 2680 375 2724 cantemus
389 2671 470 2724 labor
479 2680 519 2723 est
533 2671 641 2725 audisse
666 2667 779 2741 pueles3

107 2743 169 2795 Nec
190 2740 349 2810 degustanti
363 2740 437 2793 lotos
451 2757 548 2792 emera
561 2741 624 2793 fuit.

73 2812 130 2864 Hos
145 2826 209 2880 ego,
227 2809 276 2878 qui
295 2810 402 2878 patriae
414 2808 521 2862 fuciunt
539 2809 658 2871 oblivia,
675 2822 774 2860 succos

106 2882 192 2933 Parte
207 2894 290 2930 mese
307 2880 395 2943 vitae,
420 2878 541 2930 simodo
559 2878 670 2941 dentur,
687 2891 790 2928 emam.

72 2941 132 3002 Nec
153 2957 187 3001 tu
202 2947 353 3015 contuderis
365 2947 664 3016 urbemLaestrygonis
678 2960 803 3019 unquam

107 3016 253 3082 Gentibus,
272 3016 385 3086 oblique
405 3034 473 3085 quus
488 3016 549 3074 ,obit
570 3020 638 3067 Ister
651 3030 730 3083 uque.

73 3087 131 3138 Nec
144 3086 247 3149 vincet,
265 3101 377 3140 suevum
391 3086 507 3154 cyclops
523 3084 633 3137 feritate
646 3083 791 3150 Phyecen:

108 3156 162 3218 Qui
176 3163 262 3223 quote
274 3155 388 3207 terroris
401 3172 465 3223 pers
481 3155 552 3206 solet
566 3171 623 3206 esse
630 3152 704 3206 mei!

75 3224 169 3291 Scylla
182 3223 251 3287 feris
271 3232 372 3291 trunco
392 3223 561 3292 quodlutret
574 3224 610 3274 eb
632 3220 745 3291 inguine
763 3217 910 3283 monstris
996 3210 1032 3267 2⁵

76 3313 81 3316 ·
109 3291 269 3344 Heniochae
291 3293 385 3344 nautis
401 3292 463 3359 plns
475 3308 597 3343 nocuere
609 3300 691 3342 retes.
1005 3301 1009 3309 '

75 3360 222 3432 Necpotes
242 3357 348 3415 infestis
359 3361 491 3415 conferre
510 3360 667 3429 Charybdin
683 3359 817 3421 Achaeiss

723 3453 827 3506 Bit?
