2334 3842
340 250 750 309 circumituum
887 225 889 229 ’
964 247 1029 317 itt
1142 296 1143 305 r

99 394 201 450 Ennius
212 394 326 468 ingenio
338 395 483 462 maximus,
502 404 564 449 arte
574 394 668 461 rudis3
699 445 701 447 ,

68 467 191 535 Explicat
200 474 234 517 ut
247 480 343 519 causas
354 467 446 536 rapidi
459 465 604 519 Lucretius
616 466 698 539 ignis,
818 487 841 509 ν’
948 468 955 477 ’
975 468 1028 527 425

100 538 288 606 casurumque
300 534 402 604 triplex
413 536 584 588 vaticinatur
597 552 681 606 opns;
836 558 838 561 ·
1002 572 1017 580 „

69 603 110 658 Sic
124 621 174 657 sna
188 604 294 656 lascivo
309 613 420 656 cantata
437 613 479 656 est
492 621 575 674 saepe
587 605 698 658 Catullo
792 630 795 635 >
830 650 834 660 .

72 694 76 705 ’
99 674 222 741 Femina,
241 673 287 726 cui
300 673 403 726 falsum
417 674 516 726 Lesbia
530 691 635 727 nomen
649 682 721 728 erat

68 744 124 797 Nec
138 751 289 796 contentus
302 760 345 808 ea,
361 744 466 796 multos
478 743 604 814 vulgavit
616 758 736 809 amores,
951 768 956 783 ι

99 816 130 864 In
143 812 242 883 quibus
253 812 312 882 ipse
328 829 411 865 suum
424 813 512 865 fassus
528 813 699 867 adulterium
710 820 762 871 cst.
976 814 1031 873 480

68 882 119 934 Par
130 879 185 933 fuit
198 881 289 952 exigui
303 880 455 953 similisque
466 882 581 934 licentia
595 881 679 952 Calvi,
954 882 957 887 “
980 928 985 935 ,
1014 922 1020 931 .

99 951 208 1003 Detexit
218 950 302 1002 variis
314 952 362 1020 qui
376 966 426 1004 sua
437 951 516 1003 furta
531 949 632 1003 modis.
787 982 790 987 <
912 1002 920 1017 ,

69 1019 137 1084 Quid
150 1019 275 1072 referam
285 1019 407 1088 Ticidae,
426 1019 494 1090 quid
507 1021 620 1072 Nemmi
634 1035 759 1086 cannen,
776 1020 853 1090 apud
867 1036 939 1092 quur
958 1036 960 1042 ·

99 1089 190 1142 Rebus
205 1089 285 1142 abest
296 1090 388 1141 omnis
402 1089 622 1159 nominibusque
631 1088 744 1159 pudor?

27 1180 28 1183 ¹
69 1157 151 1210 Cinna
165 1175 279 1228 proque
291 1157 334 1209 bis
349 1176 443 1212 comas
457 1167 507 1224 est,
525 1160 668 1228 Cinnaque
678 1157 828 1226 procacior
840 1162 954 1214 Ansere·
976 1160 1029 1218 4³5

99 1228 131 1278 Et
145 1226 207 1279 leve
223 1227 363 1294 Cornifici,
380 1245 432 1298 par
462 1244 488 1280 ιθ
501 1228 611 1279 Catonis
623 1244 704 1296 opus.
911 1236 916 1243 ’
1013 1268 1022 1281 .
1077 1224 1080 1229 ’
1142 1234 1143 1239 ’

67 1297 230 1365 aequorum
240 1296 318 1348 libris
331 1297 418 1349 modo
450 1295 602 1348 insimulata
616 1295 735 1349 Perillae

98 1365 227 1434 Nomine,
244 1382 320 1418 nunc
333 1365 438 1436 legitur
452 1366 527 1417 dicta
541 1365 654 1418 Metella
669 1382 729 1418 suo.

67 1434 91 1485 lt
102 1450 223 1505 quoque,
239 1434 384 1487 Phasiacas
396 1440 470 1506 Argo
485 1434 534 1504 qui
545 1434 623 1487 dimit
638 1435 669 1486 in
681 1433 781 1502 urrdac,

97 1505 160 1556 Non
171 1503 267 1584 potuit
283 1504 399 1558 Veneris
410 1504 489 1555 furta
500 1506 685 1556 tacere‘suae.
813 1560 817 1573 q
977 1501 1030 1560 440

67 1571 122 1626 llec
137 1588 232 1625 minua
245 1574 385 1641 Hortensi,
401 1590 456 1626 nec
470 1582 535 1625 suut
548 1573 640 1625 minus
653 1571 784 1641 improba
797 1572 874 1627 Slmi
954 1574 957 1579 ”
980 1612 985 1621 .
1015 1594 1027 1615 ν

97 1641 243 1695 Carmina.¹
271 1643 340 1706 Quis
352 1641 461 1694 dubitet
473 1641 590 1694 nomina
603 1650 683 1694 tanta
694 1639 795 1710 aequit

68 1710 153 1764 Vertit
164 1709 305 1763 Aristiden
315 1712 444 1764 Sisenna:
461 1728 515 1764 nec
528 1710 622 1764 obfuit
632 1710 674 1765 illi
794 1712 796 1718 ⁴

96 1779 236 1833 Historiae
250 1786 346 1851 turpes
360 1780 509 1833 inseruisse
523 1781 612 1834 iocos.

66 1847 120 1903 llec
132 1848 189 1901 fuit
198 1849 354 1918 opprobrio
365 1849 519 1903 celebrasse
530 1847 669 1918 Lycorida
683 1848 777 1920 Gallo,
975 1846 1027 1905 445

99 1917 152 1969 Sed
165 1917 296 1989 linguam
308 1918 397 1971 nimio
412 1936 470 1973 non
482 1920 603 1972 tenuisse
614 1920 706 1974 'mero
817 1954 820 1959 n
845 1938 848 1947 ·
1013 1938 1026 1974 r

67 1986 183 2040 Credere
192 1987 297 2039 iuranti
308 1987 413 2040 durum
430 1996 586 2058 putat⁶esse
599 1987 742 2052 Tibullum
769 2018 772 2021 v

96 2056 141 2109 tic
157 2055 244 2109 etiam
260 2057 295 2109 de
309 2073 338 2109 se
355 2056 480 2127 quodne
501 2066 530 2108 et
544 2056 594 2108 illa
609 2058 678 2109 niro.
702 2086 704 2095 ν

67 2123 170 2178 Fallere
184 2124 331 2178 custodem
342 2125 458 2178 demum
492 2125 599 2178 ocuisse
613 2125 736 2186 fatetur3

97 2197 186 2265 Seque
198 2211 249 2247 sua
261 2193 397 2246 miserum
410 2211 486 2246 nunc
500 2195 540 2246 ait
553 2203 613 2246 arte
628 2194 727 2263 premi.
974 2192 1029 2248 450

67 2263 150 2333 Saepe
163 2263 242 2316 velut
253 2278 396 2334 gemmam
410 2263 543 2315 dominae
556 2262 702 2334 signumve
715 2262 860 2335 probaret,
978 2268 981 2273 “

96 2333 148 2384 Per
159 2349 274 2386 causam
286 2332 415 2398 meminit
427 2348 457 2383 se
470 2331 595 2403 tetigisse
608 2348 734 2386 manum.

67 2401 155 2472 thue
168 2401 267 2467 refert,
284 2400 379 2472 digitis
390 2418 472 2470 saepe
488 2409 529 2453 est
541 2409 667 2471 nutuque
681 2400 802 2471 locutus,
826 2440 828 2445 ·
947 2406 956 2443 t

49 2517 51 2519 ,
97 2473 130 2523 Et
141 2470 261 2525 tacitam
273 2486 389 2523 mensae
404 2469 481 2522 duxit
491 2470 522 2522 in
537 2471 605 2523 orbe
617 2479 724 2525 notam.

66 2537 97 2590 lit
112 2540 212 2610 quihus
226 2557 242 2592 e
256 2539 347 2593 succis
358 2539 487 2593 abeatd‘e
502 2557 536 2592 co
571 2556 621 2592 ore
630 2538 712 2608 livor,

97 2608 237 2678 Impresso
249 2609 313 2662 fieri
328 2611 377 2679 qui
388 2609 461 2661 solet
473 2625 530 2676 ore,
569 2610 642 2664 onst.
1019 2652 1023 2657 .

66 2674 187 2750 Denique
203 2678 240 2731 ab
252 2678 368 2731 incauto
382 2679 501 2730 nimium
515 2678 588 2748 petit
601 2678 651 2731 ille
664 2678 778 2744 marito,
874 2700 876 2704 ·
949 2680 951 2683 ’

98 2750 130 2799 Se
145 2764 258 2818 quoque
270 2747 312 2799 uti
323 2755 423 2816 servet,
440 2756 540 2816 peccet
553 2756 586 2799 ut
601 2747 651 2799 illa
663 2749 765 2800 minus.

42 2838 45 2847 <
68 2816 122 2868 scit
137 2817 182 2869 cui
195 2815 326 2883 latretur,
344 2830 408 2869 cum
421 2815 497 2868 solus
511 2816 675 2868 obambulat
684 2819 760 2886 ipse:

99 2887 151 2936 Cur
163 2886 248 2937 toties
263 2885 372 2938 clausas
386 2893 509 2937 exscreat
521 2893 586 2937 aute
598 2885 683 2940 fores.
971 2886 1024 2941 460

67 2952 205 3026 Multaque
213 2954 267 3006 dat
281 2955 348 3007 talia
360 2953 431 3006 furti
444 2962 608 3022 praecepta:
627 2954 774 3023 docetque,

99 3025 157 3086 Qua
170 3031 275 3093 nuptae
286 3023 394 3092 possint
406 3023 506 3075 fallere
518 3024 553 3075 ah
566 3031 627 3074 arte
640 3022 723 3076 viros.
737 3054 740 3061 ,
788 3040 790 3043 ’

67 3089 121 3143 Nec
134 3092 189 3144 fuit
200 3092 258 3146 hoc
270 3093 311 3145 illi
324 3092 433 3153 fraudi3
453 3091 612 3162 legiturque
630 3090 767 3162 rl'ibullus,
797 3114 799 3117 ·

97 3161 130 3213 Et
140 3160 243 3231 placet,
267 3170 295 3214 et
305 3161 367 3214 :iam
378 3170 408 3214 te
419 3160 549 3230 Principe
561 3169 646 3213 notus
661 3169 729 3215 erat.

68 3229 185 3282 Invenies
197 3230 299 3284 eadem
308 3230 407 3284 blandi
417 3237 568 3299 praecepta
581 3232 723 3299 Propert13

99 3298 241 3353 Districtus
252 3300 371 3352 minima
383 3317 437 3352 nec
449 3307 546 3350 tamen
557 3298 607 3351 ille
620 3308 689 3352 nota
706 3306 757 3353 est.

68 3365 113 3418 llis
123 3384 174 3441 ego
189 3369 319 3439 mcceesi,
337 3368 471 3442 qnoniam
481 3370 655 3439 praestantia
669 3368 776 3431 candor
815 3403 816 3406 =
