2334 3842
359 221 613 278 PASTORUM
632 223 715 278 LIB.
738 225 776 279 11.

85 367 238 441 Egreditur
251 340 349 421 castris
361 366 442 419 miles
455 382 605 436 generosus
620 368 655 420 ab
668 367 767 439 ladem,

122 442 144 490 E
161 444 221 507 quis
235 438 289 489 dux
300 436 363 488 fieri
379 436 496 505 quilibet
510 446 590 505 aptus
603 446 672 491 erat.

88 508 246 560 Carmentis
260 516 358 576 portae
373 506 467 557 dextro
487 506 531 557 via
545 508 671 575 proxima
681 513 748 561 Iano
763 517 811 562 ert.

123 578 168 628 lre
185 593 237 645 per
252 576 325 626 hanc
339 575 405 637 noli,
425 575 547 644 quisquis
560 593 604 638 es3
624 594 737 632 omnem
748 578 843 632 habetr

87 646 140 698 Illa
151 645 229 697 fama
244 642 333 697 refert
349 644 446 695 Fabios
462 646 548 696 exisse
563 654 712 700 trecentos.

13 726 14 737 ¹
93 718 208 767 ·Porta
219 722 301 766 vacat
314 712 411 782 culpa3
429 713 476 764 sed
489 723 584 768 tamen
596 732 680 768 omen
692 716 789 772 habet.
844 746 847 753 ¹

87 787 125 836 Ut
142 784 230 835 celeri
242 800 323 852 passu
339 784 499 834 Cremeram
512 784 630 854 tetigere
643 802 795 856 rapacem

121 852 262 905 Turbidus
274 853 396 904 hibernis
410 850 458 902 ille
471 853 578 904 fluebat
595 855 689 922 aquis3
705 852 708 861 '

13 976 15 985 ‚
87 924 185 974 Castra
195 922 260 974 loco
275 929 393 990 ponunt,
412 920 547 973 destrictis
564 924 673 976 ensibus
687 924 740 995 ipsi

120 991 300 1060 Tyrrhenum
313 990 405 1042 valido
418 993 508 1042 Marte
520 1008 571 1059 per
584 1009 686 1062 agmen
701 1000 776 1046 eunt.

13 1048 15 1147 l
86 1062 151 1113 Non
166 1061 257 1126 aliter,
276 1074 440 1129 quam‘cum
455 1060 559 1127 Libyca
571 1060 605 1113 de
616 1080 685 1131 rupe
700 1062 798 1127 leones

122 1129 262 1181 Invadunt
275 1146 384 1198 sparsos
397 1128 453 1180 lata
468 1147 519 1196 per
532 1147 598 1181 arva
646 1149 719 1201 eges.

86 1199 247 1269 Diffugiunt
259 1199 361 1262 hostes,
378 1197 579 1268 inhonestaque
590 1218 625 1251 vu
638 1218 706 1252 nera
721 1209 803 1272 tergo

121 1268 286 1336 Accipiunt:
304 1271 394 1319 Tusco
408 1268 541 1336 sanguine
556 1276 632 1320 terra
648 1271 739 1323 rubet.

85 1339 133 1391 Sic
149 1338 263 1401 iterum,
282 1337 322 1389 sic
338 1353 420 1404 saepe
434 1336 546 1388 eadunt.
581 1338 635 1389 Ubi
649 1339 762 1390 vincere
775 1344 871 1407 aperte

13 1398 15 1499 l
122 1408 186 1465 Non
199 1406 291 1474 datter,
309 1405 422 1457 insidias
437 1423 514 1456 anna
536 1423 571 1457 ue
587 1425 672 1459 coeca
684 1416 793 1477 parant.

13 1504 15 1515 ·
85 1470 153 1531 Cam
177 1493 208 1527 us
223 1485 297 1540 erat3
317 1475 411 1543 campi
428 1475 527 1526 claude
549 1484 598 1527 ant
610 1468 710 1531 ultima
727 1476 823 1544 eolles,

13 1538 15 1561 ³
123 1494 257 1612 sillaque
272 1553 418 1596 montanas
433 1544 563 1597 occulere
576 1555 641 1614 apta
654 1545 738 1600 feras.

82 1617 116 1667 ln
128 1614 226 1666 medio
239 1631 352 1683 paucos,
370 1617 554 1682 armentaque
568 1631 633 1666 rara
646 1615 803 1686 relinqunt:

122 1687 241 1735 Caetera
254 1682 381 1754 virgultis
394 1683 487 1734 abdita
501 1684 583 1735 turba
594 1684 671 1737 latet.

82 1756 159 1806 Ecce
172 1752 249 1804 velut
264 1762 372 1805 torrens
385 1751 464 1802 undis
479 1752 646 1821 pluvialibus
659 1762 765 1820 auctus,

117 1828 177 1874 Aut
189 1821 262 1886 nive,
282 1839 353 1890 quae
370 1821 494 1890 Zephyro
508 1823 582 1887 victa
597 1832 710 1891 tepente
728 1821 801 1874 fluit.

82 1894 137 1945 Per
150 1900 213 1942 sata
226 1904 335 1959 perque
343 1891 399 1942 vias
413 1891 511 1952 fertur,
531 1909 592 1952 nec,
613 1901 642 1943 ut
657 1902 721 1944 ante
734 1890 854 1959 solebat,

118 1962 258 2029 Riparum
272 1960 377 2012 clausas
394 1960 518 2029 margine
531 1961 593 2012 linit
606 1979 709 2030 aquas;

13 2044 15 2089 ξ
83 2031 130 2083 sie
147 2028 228 2082 Fabii
241 2030 304 2080 latis
315 2029 418 2080 vallem
433 2024 601 2083 discursibus
614 2030 741 2099 implent,

119 2103 256 2168 Quosque
268 2098 373 2160 vident,
392 2107 537 2150 sternunt:
553 2114 606 2150 nec
620 2109 711 2151 metus
723 2097 795 2148 alter
806 2097 888 2150 inere

14 2162 15 2219 Ϊ
83 2174 149 2234 Quo
165 2168 260 2235 ruitis,
277 2167 543 2237 generosa‘domus?
560 2168 634 2219 male
646 2167 772 2220 creditur
783 2166 866 2218 hosti.

119 2238 247 2307 Simplex
259 2237 397 2303 nobilitas,
414 2234 521 2305 perlida
529 2236 589 2288 tela
602 2234 679 2290 estve.¹
684 2233 693 2241 ”
777 2233 780 2238 ’

82 2307 197 2360 Fraude
210 2306 284 2374 perit
295 2307 391 2359 virtus.
426 2310 455 2357 ln
470 2314 580 2374 apertos
592 2305 715 2375 undique
730 2319 844 2373 campos

95 2387 98 2392 '
117 2376 273 2428 Prosiliunt
283 2375 385 2438 hostes,
405 2384 432 2427 et
444 2374 516 2427 latus
531 2391 615 2426 omne
627 2382 732 2426 tenent.

84 2447 160 2510 Quid
175 2444 283 2496 faciant
295 2445 376 2513 pauci
393 2454 491 2496 contra
503 2453 546 2496 tot
558 2443 649 2496 millia
660 2443 767 2495 sortes?
857 2500 859 2504 ,

119 2514 241 2578 Quidve,
260 2513 336 2583 quod
349 2513 377 2564 in
392 2515 493 2565 misero
505 2523 633 2581 ternpore
644 2522 739 2576 restet,
756 2511 880 2565 hebent?

83 2584 166 2636 Sicut
181 2600 256 2651 aper.
275 2582 350 2634 silvis
362 2583 446 2651 longe
458 2583 641 2635 Laurentibus
656 2591 743 2649 actus,

118 2653 269 2705 Fulmineo
286 2651 391 2703 celeres
402 2652 515 2720 dissipat
532 2669 582 2703 ore
594 2670 691 2714 canes3

83 2725 149 2774 Mox
162 2731 259 2773 tamen
274 2721 334 2788 ipse
346 2721 430 2788 perit:
450 2721 492 2773 sic
503 2738 558 2771 non
571 2721 731 2772 moriuntur
742 2719 842 2783 inulti;

104 2791 302 2859 ¹Vulneraque
319 2789 426 2842 alterna
441 2791 563 2860 dantque
575 2791 726 2859 feruntque
740 2805 835 2842 manu.

83 2865 147 2915 Una
160 2860 220 2911 dies
235 2860 333 2911 Fabios
347 2858 382 2910 ad
392 2859 499 2911 bellurn
511 2860 625 2911 miserat
640 2875 752 2910 omnes:

117 2929 162 2981 Ad
173 2928 284 2980 bellum
302 2926 398 2979 missos
411 2928 532 2996 perdidit
543 2946 599 2979 una
612 2928 679 2980 dies.

81 3003 121 3051 Ut
133 3007 234 3050 tamen
245 2996 399 3053 Herculeae
413 3007 588 3065 superessent
602 2996 709 3048 semina
721 2996 821 3068 gentis,

117 3065 263 3119 Credibile
275 3074 316 3117 est
325 3065 401 3134 ipsos
413 3066 584 3118 consuluisse
596 3065 671 3117 deos.

80 3132 248 3204 Nam⁴puer
260 3133 396 3202 impubes,
416 3144 443 3186 et
461 3135 553 3186 adhuc
566 3151 623 3186 non
637 3134 818 3202 utilissimis,

118 3211 201 3257 Unus
214 3204 345 3259 daFabia
359 3213 442 3274 gente
453 3204 567 3256 relictus
584 3213 653 3256 erat.

81 3274 202 3327 Scilicet
215 3280 248 3323 ut
257 3289 350 3340 posses
362 3273 433 3324 olim
446 3282 486 3336 tu,
504 3273 632 3340 Maxima
649 3273 742 3337 nasci;

117 3344 171 3397 Cui
184 3358 231 3394 res
247 3342 402 3396 cunctando
414 3342 587 3396 restituenda
597 3343 682 3397 foret.
