2334 3842
153 267 217 340 184,
272 330 288 337 ,,
418 269 449 325 Ρ.
472 266 626 333 ovum
651 260 842 322 Nasouts

134 467 136 471 .
158 454 164 461 -
255 412 394 467 Pieridum
405 410 489 465 sacris
502 409 665 479 imposuisse
674 423 797 462 manunt.

222 481 276 535 Sed
286 500 362 535 nunc
375 481 442 553 quid
455 479 577 532 faciam?
594 478 635 531 vis
647 495 694 530 me
704 487 780 529 tenet
791 478 851 547 ipsa
864 480 1011 535 Sororumt

86 604 90 615 ,
160 550 206 610 80
256 553 289 604 Et
304 568 417 604 carmen
428 549 557 614 demens,
575 548 700 600 carmine
711 546 815 609 laesus,
833 562 909 604 amo.

223 621 267 687 Sic
280 637 352 673 nova
365 618 492 670 Dulichio
506 617 580 670 lotos
593 624 702 688 grutata
713 616 817 687 palato,

258 689 324 757 Illo,
343 705 399 758 quo
412 686 523 753 nocuit,
540 694 620 756 grata
631 700 731 755 sapore
741 685 806 738 fuit.

222 758 312 812 Sensit
325 773 420 809 amans
430 772 480 807 sua
492 755 595 807 damna
605 754 680 819 fere3
697 763 792 807 tamen
806 755 905 808 haeret
918 754 949 809 in
962 755 1029 810 illis:

257 826 403 879 Materiam
415 824 513 894 eulpae
528 824 758 894 persequiturque
774 839 850 878 suae.

171 895 207 956 86
223 897 405 965 lios'quoque
418 892 574 959 delectant,
592 888 717 963 quamvis
729 909 867 961 nocuere,
884 890 986 948 libelli:

259 964 395 1034 Quodque
409 962 479 1015 mihi
490 962 711 1015 telumvulnsra
724 962 812 1027 fecit,
829 978 904 1015 amo.

114 1050 119 1059 ‘
219 1034 344 1087 Forsitan
356 1031 545 1085 hocstudlum
578 1031 645 1083 ossit
657 1030 739 1083 furor
753 1031 930 1084 essevidari:

162 1154 167 1163 x
256 1102 311 1154 Sed
324 1101 456 1172 quiddam
468 1101 549 1166 furor
558 1046 607 1152 lic
620 1099 747 1152 utilitatis
759 1100 852 1154 habet.

171 1170 339 1240 ‘Nsemper
349 1171 378 1225 ia
391 1171 492 1222 obtutu
504 1178 628 1222 mantem
640 1177 716 1220 vetat
726 1185 784 1220 esse
797 1168 953 1235 malorum

171 1236 207 1296 40
252 1240 408 1309 l'raasentis
423 1256 500 1292 casus
511 1240 763 1307 immemoremque
778 1237 858 1291 facit.

223 1312 316 1378 thue
329 1325 410 1360 suum
422 1308 607 1361 Bacchis-nou
618 1307 703 1359 sentit
710 1307 807 1359 saucia
818 1305 930 1375 vulnus,

254 1379 328 1430 Dum
341 1385 433 1446 stupet
443 1376 546 1430 Edonis
558 1376 699 1429 exululata
709 1374 781 1446 iugis
790 1394 798 1441 ς

220 1445 282 1514 Sic,
298 1445 347 1498 uhi
359 1454 438 1499 mota
450 1446 544 1499 calent
554 1444 636 1498 viridi
649 1461 714 1498 mea
747 1453 844 1497 ectora
853 1445 961 1515 thyrso,

197 1547 201 1554 ·
257 1515 346 1568 Altior
359 1515 506 1568 humanos
526 1515 607 1567 iritus
619 1514 666 1566 ille
678 1462 752 1566 malo
767 1523 817 1567 est.
860 1544 862 1549 ,

169 1580 206 1641 46
220 1583 273 1637 Ille
286 1600 340 1637 nec
354 1580 493 1650 exsilium,
507 1533 528 1636 l
595 1583 633 1633 ici
645 1599 698 1635 nec
710 1582 807 1635 littora
815 1582 906 1652 ponti,

198 1668 201 1679 ¹
255 1653 306 1705 ille
319 1668 373 1706 nec
384 1653 470 1706 iratos
483 1661 569 1706 sentit
581 1650 677 1704 adesse
688 1650 765 1704 deos.

221 1724 258 1774 Ut
298 1722 498 1790 esoporiferae
508 1722 635 1774 biberem
646 1722 669 1774 si
679 1720 783 1790 pomila
794 1720 904 1789 Lethes,

280 1790 400 1859 emporis
414 1789 521 1843 adversi
535 1789 574 1843 sic
588 1789 659 1841 mihi
672 1805 765 1842 sensus
779 1790 867 1843 abest.

220 1861 283 1911 Iure
296 1859 359 1910 deas
373 1859 462 1930 igitur
471 1874 590 1911 veneror
602 1858 678 1910 mala
689 1867 785 1910 nostra
799 1858 932 1927 levantes,

170 1927 205 1982 50
256 1927 395 1980 Sollicitas
410 1929 526 1981 comites
541 1944 574 1979 ex
587 1928 720 1980 Helicone
733 1928 834 1997 fugae:

221 1997 256 2049 Et
270 1995 371 2065 partim
385 1997 500 2068 pelago,
518 1997 622 2067 partim
635 1996 752 2068 vestigia
763 2006 850 2062 terra,

257 2063 308 2118 Vel
322 2073 382 2117 rate
396 2066 534 2137 dignatas,
551 2067 597 2119 vel
608 2066 681 2135 pede
692 2074 789 2118 nostru
799 2066 888 2135 sequi.

223 2132 283 2185 Sint
298 2149 401 2202 precor
413 2135 466 2188 hae
478 2135 577 2191 saltem
589 2135 687 2188 faciles
698 2134 780 2186 mihi:
797 2150 921 2204 namque
935 2134 1049 2191 deormt

259 2204 374 2255 Caetera
388 2221 571 2276 cum-magno
584 2207 699 2257 Caesare
711 2205 796 2256 turha
808 2203 886 2257 iecit.

171 2271 206 2326 66
222 2272 323 2341 Meque
335 2280 379 2324 tot
391 2274 512 2327 adversis
526 2274 686 2339 cumulant,
705 2280 774 2342 quot
785 2271 864 2324 littus
878 2288 987 2341 arenas,

257 2343 387 2410 Quotque
399 2343 505 2405 fretum
517 2343 622 2413 pisces,
640 2358 748 2411 ovaque
759 2341 842 2411 piscis
853 2340 948 2396 habeta

172 2418 177 2425 '
224 2409 296 2465 Vere
309 2411 386 2479 prius
399 2413 502 2480 flores,
514 2421 597 2464 aestu
610 2410 772 2464 numerabis
787 2410 897 2480 aristas,

178 2540 182 2555 ἱ
256 2480 343 2531 Poma
356 2496 407 2548 per
420 2490 600 2548 autumnum,
617 2480 826 2551 frigoribusque
836 2480 929 2546 nives;

224 2547 315 2611 Quam
328 2548 419 2615 mala,
437 2566 508 2620 quse
517 2558 579 2603 toto
590 2551 683 2618 patior
695 2550 813 2601 iactams
823 2549 854 2600 in
867 2550 946 2616 orba,
1030 2581 1036 2613 ,

113 2664 116 2671 ,
170 2609 207 2670 60
257 2619 329 2669 Dum
341 2618 427 2671 miser
439 2620 535 2672 Euxini
547 2620 645 2672 littora
657 2631 737 2670 saeva
747 2627 822 2687 peto.
848 2656 852 2662 ·

221 2686 280 2739 Nec
296 2694 404 2756 tamen,
420 2697 454 2740 ut
465 2689 543 2755 veni,
559 2687 649 2740 levior
660 2687 775 2739 fortuna
785 2687 927 2742 malorum
941 2694 995 2742 est:
1089 2690 1092 2701 '

200 2804 208 2823 „
255 2757 316 2807 Huc
329 2774 441 2828 quoque
453 2763 517 2810 sunt
529 2767 639 2809 nostras
650 2756 710 2809 fata
722 2765 818 2809 secuta
828 2757 896 2810 vias.

182 2880 185 2886 ,
222 2822 270 2874 His
285 2841 396 2895 quoque
407 2843 547 2898 cognosco
558 2826 658 2878 natalis
671 2825 790 2877 stamina
798 2827 911 2886 nosti-it

256 2895 382 2948 Stamina
395 2895 430 2948 de
444 2896 525 2968 nigro
539 2896 643 2948 vellere
656 2894 739 2947 facte
749 2894 827 2948 mihi.
839 2910 841 2915 ·

169 2951 205 3012 66
222 2961 314 3028 thue
326 2980 379 3017 nec
391 2964 519 3032 insidias,
538 2964 691 3034 capitisque
704 2963 831 3032 pericula
842 2976 966 3032 mnam,

247 3031 328 3107 ,Vera
343 3033 471 3102 quidem,
490 3051 557 3087 vera
571 3032 621 3085 sed
636 3034 767 3114 graviora
782 3032 852 3097 fide3
918 3068 920 3073 ,

219 3097 319 3151 Vivere
334 3105 424 3168 quam·
432 3104 567 3156 miserum
581 3112 624 3154 est
638 3111 712 3154 inter
727 3105 874 3172 Bessosque
887 3105 1022 3172 Getasque

255 3165 316 3230 Illi,
336 3168 384 3235 qui
395 3173 491 3239 populi
504 3188 617 3241 semper
628 3171 722 3222 inore
734 3171 802 3221 fuit!

223 3232 314 3310 Quam
325 3234 473 3304 miserum,
490 3249 574 3307 porta
586 3241 674 3292 vitam
685 3254 825 3321 muroque
835 3241 918 3306 tueri,

169 3293 206 3350 70
256 3301 361 3368 Vixque
374 3305 416 3355 sui
429 3313 522 3359 tutum
536 3309 641 3361 viribus
654 3324 714 3360 esse
729 3308 799 3359 loci!

220 3367 324 3436 Aspera
335 3369 452 3429 militias
463 3374 569 3431 iuvenis
582 3375 820 3448 certaminufussls
