2334 3842
247 249 471 305 TRISTIUM
496 249 580 306 1013.
602 251 625 307 Ι.
648 248 711 305 EL
732 251 765 308 V.
787 252 836 311 vi.
979 252 1038 315 141

82 394 169 461 aare,
185 393 262 465 quoa
276 376 426 474 aoniam
439 393 561 447 masma
579 394 649 448 aaa
661 394 794 450 imum
808 403 869 460 eus

116 464 230 517 Ponitur
241 464 384 516 innoatns
398 462 494 516 fabula
508 462 687 518 nullamalis.
1005 467 1041 520 80

82 534 206 603 Denique
218 532 465 609 quaesitoatetigit
485 541 582 585 tamen
593 532 641 586 illa
657 536 791 603 Passaron
892 564 903 589 v

116 605 249 671 Quaeque
262 600 310 654 aiu
326 602 415 671 petiit,
438 601 557 672 contigit
572 619 640 655 arva
653 611 758 659 tanen.

82 673 117 723 at
128 670 226 739 mihip
279 677 344 722 etuo
357 669 447 739 patria
463 670 567 722 tellure
587 671 740 727 carendum
754 681 805 743 cst,

116 741 152 794 Ni
163 738 238 794 iussi
292 738 332 790 asi
344 738 458 792 mollior
471 740 514 792 ira
529 739 584 793 dei.

462 847 670 875 m

249 961 253 971 '
352 952 768 1049 sauciavi.

82 1113 149 1201 Neo
162 1155 273 1200 tantum
289 1146 380 1201 Clario
392 1146 468 1217 Lyde
482 1146 584 1200 dilecta
595 1149 708 1216 paine,

114 1220 174 1271 Nec
189 1227 299 1270 tantum
314 1220 369 1270 Coo
387 1218 473 1269 Battis
486 1226 581 1281 ornata
593 1234 642 1268 suo
656 1225 709 1282 est3

81 1286 240 1341 Pectoribus
254 1294 390 1357 quantum
405 1296 437 1339 tu
449 1285 559 1352 nostris,
583 1289 666 1352 Uxor,
683 1285 821 1355 inhaeres,

112 1355 203 1427 Digna
216 1356 308 1409 minus
329 1355 443 1421 misero,
465 1371 523 1406 non
535 1352 654 1408 meliore
668 1355 738 1406 viro.

80 1423 201 1489 Temea,
219 1441 270 1493 sup
291 1422 563 1487 ositaralutitrabe‚
591 1422 664 1475 fulta
681 1423 763 1475 nuno
782 1430 841 1477 est:
1022 1426 1039 1482 5

113 1493 225 1564 siquid
293 1510 330 1546 uc
345 1510 397 1564 ego
410 1510 481 1559 sum,
508 1491 632 1543 muneris
652 1508 736 1544 omne
749 1492 791 1543 tui
805 1501 855 1544 cst.

80 1563 120 1617 Tu
130 1562 211 1629 facis,
228 1571 262 1615 ut
273 1561 395 1632 spolium
404 1579 440 1614 ne
457 1562 519 1625 sim,
539 1576 594 1611 neu
608 1559 698 1612 nuder
709 1560 745 1614 ab
765 1560 830 1628 illis,

108 1630 258 1702 Naufragii
273 1630 383 1683 tabulas
398 1630 447 1700 qui
458 1630 563 1700 petiere
575 1627 642 1681 moi.
921 1668 930 1683 ,

82 1701 172 1772 thue
186 1716 282 1769 rapax,
300 1698 461 1751 stimulante
475 1699 561 1765 fame,
576 1696 750 1768 cupidusque
764 1697 874 1752 cruoris

111 1769 317 1823 Incustoditum
331 1777 425 1838 captat
436 1768 507 1820 ovile
517 1767 615 1836 lupus:
997 1768 1038 1826 -10

82 1840 131 1891 iat
142 1847 177 1890 ut
189 1837 258 1891 edax
270 1837 364 1890 vultur
375 1854 475 1906 corpus
491 1833 693 1904 circumspicit,
712 1833 824 1908 ecquod
871 1896 877 1907 .

112 1907 169 1960 Sub
191 1906 271 1959 nulla
284 1906 409 1978 positum
423 1921 539 1958 cernere
578 1904 756 1968 ossithum03

82 1975 123 2030 Sic
131 1992 199 2029 mea
208 1976 304 2030 nescio
319 1976 390 2046 quis,
410 1975 494 2028 rebus
568 1973 667 2029 efidus
680 1974 800 2043 acerbis,

111 2045 239 2098 lubossa
252 2053 391 2110 cernuus,
412 2045 434 2095 si
446 2052 583 2113 paterere,
600 2041 665 2095 fuit,

82 2113 159 2167 Hunc
172 2123 223 2168 tua
240 2131 292 2194 per
305 2114 394 2165 fortes
406 2112 493 2164 virtus
506 2110 648 2164 submovit
661 2109 776 2181 amicos,

111 2183 196 2236 Nulla
207 2182 307 2255 qiuhus
320 2181 401 2234 reddi
415 2180 505 2251 gratia
516 2180 602 2251 digna
621 2186 724 2248 potest.

32 2288 33 2291 =
81 2249 149 2374 Ergo
162 2269 250 2322 quam
261 2251 380 2317 misero,
403 2259 464 2302 tam
483 2266 562 2315 vero,
577 2256 648 2300 teste
661 2246 809 2367 grabatis:

32 2342 33 2349 ¹
136 2323 164 2374 ic
174 2321 289 2391 aliquod
306 2320 416 2391 pondus
430 2319 453 2370 si
466 2318 551 2370 modo
570 2316 649 2369 testis
681 2315 770 2375 chet..

85 2389 137 2444 Nec
158 2390 300 2460 probitate
313 2398 363 2441 tua
371 2389 449 2459 prior
463 2395 561 2441 estaut
572 2384 701 2438 Hectoris
716 2398 797 2453 uxor,

113 2465 168 2512 Aut
182 2476 276 2513 comas
283 2459 404 2511 extincto
417 2455 569 2509 Laodamia
581 2455 652 2507 viro.

81 2527 154 2580 'fusi
168 2527 327 2581 Maeonium
345 2534 441 2579 vatem
460 2525 559 2577 sortita
587 2523 700 2576 fuiascst

110 2596 212 2650 Penelo
233 2612 261 2649 es
274 2605 345 2649 osset
355 2596 433 2647 fama
451 2593 573 2648 secunda
586 2602 661 2644 tuae.

82 2663 138 2720 Sive
151 2614 273 2719 tibiioc
287 2665 379 2731 debes,
396 2663 473 2717 naula
486 2663 534 2733 pia
547 2663 625 2715 facta
641 2658 785 2731 magistus,

112 2736 236 2805 Cumque
246 2751 319 2787 nova
332 2749 425 2786 mores
442 2741 508 2785 suut
519 2732 573 2784 tihi
584 2732 656 2785 luco.
667 2728 739 2782 dati:

84 2801 194 2856 Femina
207 2820 256 2855 seu
276 2803 415 2872 Princeps,
433 2817 530 2854 omnes
539 2801 593 2853 tibi
606 2798 690 2867 culpa
708 2812 761 2867 per
783 2808 879 2858 annos,
998 2794 1034 2851 25

110 2873 148 2925 Te
162 2872 248 2925 docet
262 2871 421 2952 exemplum
434 2870 561 2941 coniugis
575 2885 634 2921 esse
647 2868 752 2920 bonae:

83 2939 293 3011 Assimilemque
312 2957 355 2992 sur
367 2940 452 3011 longa
465 2938 641 2991 assuetudine
656 2934 740 2988 fecit:

112 3010 236 3062 Grandia
249 3011 272 3062 si
286 3009 378 3079 parvis
390 3009 544 3061 assimilare
556 3006 638 3070 licet3

82 3075 129 3130 Hei
141 3078 220 3145 mihi,
251 3097 310 3131 non
321 3094 437 3150 magnas
466 3076 541 3147 qnod
559 3074 665 3127 hahent
678 3085 743 3123 mea
760 3068 887 3124 carmina
904 3070 986 3137 siras,

111 3150 268 3217 Nostraque
282 3156 346 3199 sunt
357 3144 462 3200 meritis
477 3162 528 3197 ora
544 3143 654 3195 minora
665 3140 737 3193 tuis!
998 3135 1035 3194 30

83 3213 107 3267 si
121 3217 188 3287 quid
202 3227 231 3269 et
241 3216 272 3268 in
284 3216 364 3269 nobis
376 3216 430 3268 vivi
442 3212 496 3266 fuit
511 3222 578 3266 ante
590 3209 702 3282 vigoris,

113 3286 286 3338 Exstinctum
301 3285 392 3355 longis
401 3282 506 3337 occidit
519 3297 603 3335 omna
623 3277 719 3341 malis;

32 3356 33 3361 ’
83 3349 169 3408 himo
182 3353 280 3409 locum
288 3362 404 3416 ‚sanctas
414 3352 545 3408 heroidas
552 3351 627 3404 inter
639 3348 772 3403 habos-css
