2334 3842
143 235 209 298 222
383 311 387 326 Ι
420 233 451 287 e.
475 200 623 287 ov1n11
641 232 827 315 nescius
900 212 902 223 ⁰

214 384 296 434 Estnr
308 388 340 433 ut
351 380 465 435 occulte
477 379 576 432 vitiata
589 380 715 434 teredine
725 380 817 434 nevis:

163 454 198 508 70
249 450 387 519 Aequorei
399 450 528 518 scopulos
539 459 571 502 ut
582 458 664 503 cavet
675 450 749 503 unda
760 452 838 505 salis:

215 520 333 573 Roditur
349 528 380 570 ut
397 520 493 574 scebro
509 520 632 586 positum
644 520 772 589 rubigine
786 522 908 574 serrum:

186 594 190 603 ’
250 588 378 640 Conditus
389 598 420 639 ut
435 588 527 639 tineae
539 590 665 657 carpitur
680 606 729 641 ore
743 589 830 643 liber:

215 657 260 709 Sic
275 674 338 708 mee
353 665 500 725 perpetuos
514 675 647 710 curarum
661 668 775 727 pectora
790 676 909 727 morsm,

250 727 316 778 Fine
332 726 429 794 quihus
442 725 519 782 nullo
534 727 729 793 conficiantur,
746 728 860 781 habent.
984 788 988 793 ¹

163 797 197 852 75
215 798 273 849 Nec
287 794 361 863 prius
373 794 402 844 hi
416 803 541 847 mentem
552 796 667 862 stimuli,
704 814 769 848 narn
782 799 849 865 vita,
866 795 1032 867 relinquent:

251 864 358 933 Quique
370 863 445 916 dolet
455 865 546 929 citius,
563 883 648 934 quem
661 815 751 933 ddlor,
768 867 826 934 ipse
844 866 938 918 cudets

214 936 274 986 Hoc
291 932 358 983 mihi
371 933 394 983 si
405 934 511 1002 Superi,
530 951 649 1003 quorum
662 952 756 986 sumus
772 936 876 1002 omnia,
892 932 1020 997 credenn

214 1000 219 1013 ‘
249 1001 373 1053 Forsitan
390 1002 488 1072 exigua
500 1004 599 1071 dignus
612 1004 737 1056 habebor
748 1022 809 1073 ope.

217 1075 302 1140 Inque
312 1070 408 1123 locum
421 1070 549 1137 Scythico
560 1091 680 1125 vacuum
697 1075 830 1127 mutabor
841 1073 878 1127 ab
892 1087 968 1126 arcu.

164 1142 200 1195 80
228 1180 232 1187 .
249 1139 312 1192 Plus
323 1141 387 1208 isto,
405 1140 477 1208 duri,
494 1141 518 1194 si
530 1159 639 1211 precer,
656 1144 711 1196 oris
724 1160 782 1196 ero.

400 1305 845 1381 nelsron'nn.
939 1289 941 1293 ’

476 1434 770 1489 ΜΑΧΙΜΟ.

189 1596 194 1599 .
217 1518 366 1618 Maxime,
386 1552 434 1622 qui
443 1552 513 1604 tanti
527 1552 686 1606 mensuram
696 1552 815 1607 nominis
827 1552 937 1624 imples,

253 1627 286 1674 Et
302 1623 425 1694 geminae
439 1622 525 1674 enimi
537 1623 684 1676 nobilitate
699 1640 800 1693 genus;

219 1692 271 1756 Qui
287 1692 364 1743 nosci
376 1701 407 1742 ut
417 1708 519 1761 posses,
539 1692 664 1760 quamvis
675 1693 801 1746 cecidere
814 1692 946 1759 trecenti,

253 1764 315 1813 Non
328 1776 423 1811 ornnes
435 1761 532 1812 Fabios
546 1758 660 1812 abstulit
674 1780 731 1816 una
744 1763 818 1826 dies;

185 1831 201 1883 5
219 1830 344 1884 Forsitan
357 1830 426 1880 hnec
442 1847 458 1879 n
472 1846 527 1897 quo
542 1831 672 1882 mittetur
683 1832 797 1899 epistola
811 1847 944 1900 quaeras:

256 1899 362 1967 Quique
375 1898 475 1966 loquar
486 1907 589 1961 tecum,
609 1900 713 1951 certior
725 1899 782 1953 e‘sse
795 1900 871 1954 velis.

218 1971 271 2021 Hei
285 1967 365 2019 milri!
384 1967 450 2035 quid
462 1967 583 2019 faciem?
601 1986 709 2031 vereor,
726 1986 762 2021 ne
775 1970 890 2022 nornine
900 1968 975 2025 lecto

226 2090 231 2095 ,
256 2040 344 2088 Durus
356 2044 384 2088 et
398 2054 491 2088 averso
507 2047 618 2088 coetera
633 2048 727 2091 mente
740 2039 825 2109 legas.

218 2106 327 2158 Viderit
338 2105 408 2158 haec
420 2105 442 2156 si
460 2106 534 2174 quis3
552 2107 604 2157 tibi
617 2124 663 2164 me
676 2107 815 2175 scripsisse
827 2107 911 2161 lateri

169 2176 203 2230 10
253 2175 376 2238 Audebo,
392 2184 421 2226 et
436 2175 553 2243 propriis
566 2176 733 2246 ingemuisse
748 2177 836 2231 malis.

218 2246 336 2308 Viderit3
356 2245 464 2296 audebo
477 2245 529 2296 tibi
543 2262 588 2296 mc
602 2247 741 2311 scripsisse
752 2246 845 2312 fateri,

257 2315 354 2383 [Atque
367 2314 482 2365 modum
496 2314 596 2382 culpae
610 2315 755 2367 notificare
768 2313 869 2382 meae]

207 2385 281 2448 <Qui
299 2401 364 2435 cum
377 2399 422 2434 me
436 2400 527 2451 poena
542 2383 657 2454 dignum
669 2384 797 2464 graviore
810 2383 897 2436 fuisse

257 2452 402 2515 confitear,
418 2469 531 2520 possum
543 2453 588 2504 vix
600 2471 729 2523 grnvrorn
744 2454 811 2572 pati.

168 2523 203 2578 15
220 2521 349 2574 Hostibus
361 2521 390 2571 in
402 2521 500 2573 mediis
511 2521 640 2591 interque
651 2523 748 2590 pericu
760 2540 780 2577 o.
791 2538 904 2574 versor:

256 2593 405 2660 Tanquam
416 2607 482 2642 curn
496 2591 587 2658 patria
597 2609 650 2659 pax
661 2592 696 2643 sit
710 2591 822 2647 ademto
834 2588 915 2644 mibi.

223 2660 288 2726 Qui,
305 2659 402 2711 mortis
415 2676 496 2710 saevo
509 2660 652 2729 geminent
665 2670 697 2712 ut
709 2661 824 2713 vulnere
838 2676 943 2727 causes,

258 2727 356 2780 Omnia
366 2730 477 2797 vipereo
492 2728 598 2797 spicula
616 2729 683 2782 felle
696 2730 794 2785 linunt.
846 2736 850 2751 ‘

223 2798 271 2850 llis
287 2815 370 2868 eques
380 2798 529 2850 instructus
541 2798 689 2867 perterrita
702 2799 814 2852 moenie
824 2798 934 2867 lustrat,

172 2866 208 2922 20
258 2869 335 2920 More
346 2867 406 2935 lupi
416 2868 521 2919 clauses
532 2868 700 2935 circueuntis
712 2885 786 2922 ores.

224 2941 260 2988 At
273 2935 360 2988 semel
375 2937 495 2989 intentus
507 2954 593 2989 nervo
605 2937 671 2989 levis
686 2955 766 2990 arcus
779 2936 882 3007 equino

261 3005 378 3057 Vincula
391 3023 501 3074 semper
511 3004 617 3058 habens
628 3006 775 3059 irresoluto
785 3013 892 3065 manet.

222 3075 308 3127 Tecto
320 3074 413 3142 rigent
427 3074 486 3126 fixis
498 3075 583 3128 veluti
593 3075 694 3126 vallate
705 3076 821 3147 sagittis,

256 3144 394 3210 Partaque
405 3142 450 3193 vix
462 3144 545 3195 firma
554 3145 701 3199 submovet
714 3162 793 3198 arina
806 3162 878 3199 sere.

174 3208 209 3264 25
225 3209 302 3260 Adde
316 3209 371 3260 loci
384 3209 496 3276 faciem,
513 3229 566 3264 nec
580 3212 691 3279 fronde,
707 3230 760 3267 nec
772 3215 874 3269 arbore
884 3212 966 3275 leeti3
1032 3242 1035 3249 x

260 3280 294 3328 Et
307 3275 382 3344 quod
392 3277 465 3328 inens
478 3278 566 3337 hiemi
577 3281 758 3339 continuetur
769 3283 868 3339 hiems.

227 3344 279 3397 Hic
291 3359 337 3396 me
349 3354 520 3413 pugnantem
532 3365 599 3402 curn
610 3349 726 3421 frigore,
743 3368 864 3424 cumque
875 3348 1004 3425 urinis„
