2334 3842
134 217 198 289 ato
402 220 817 281 nov1n111tasonrs
901 221 904 230 '

204 374 254 427 Hic
267 378 378 441 captam
395 366 525 420 Trosmin
543 367 629 420 celeri
648 367 751 421 virtute
761 371 878 441 recapit,

152 449 187 504 80
219 442 318 495 Infecit
359 456 374 491 e
393 437 455 490 fero
474 437 606 507 sanguine
625 438 789 492 Danubium.

204 517 312 578 Quaere
320 458 382 561 ‘idei
394 506 506 571 faciem,
523 506 699 576 Scythicique
711 509 891 563 incommoda
907 511 995 580 coeli3

237 585 269 633 Et
282 595 367 650 quarn
378 577 468 629 vicino
480 584 589 627 terrear
603 576 694 639 hoste,
710 594 789 647 roga.

202 651 297 704 Sintne
309 647 376 699 litae
386 655 483 697 tenues
503 645 638 712 serpentis
651 645 718 696 felle
739 648 869 717 sagittae:

235 721 295 771 Fiat
311 734 347 768 an
357 714 512 766 humanum
525 713 638 765 victima
655 715 715 766 dira
731 726 823 784 caput.

148 794 183 850 85
200 789 326 852 Mentiar‚
344 799 379 836 an
394 786 477 836 coeat
490 782 604 834 duratus
623 783 729 903 frfflore
743 795 859 853 pontus;

234 862 267 910 Et
282 860 376 907 teneat
392 851 496 922 glacies
511 852 610 922 iugera
622 869 650 904 m
681 862 709 904 ta
730 853 806 916 freti.

198 931 274 980 Haec
288 924 335 975 ubi
354 921 486 988 narrarit,
503 922 626 990 quaesit
645 938 708 974 mea
721 922 808 989 fama,
830 925 959 995 require3

232 993 348 1063 Quo'que
361 990 446 1042 modo
454 1006 592 1110 peragam
610 999 737 1060 tempora
760 992 845 1056 dura;
863 1012 942 1066 roga.

196 1067 255 1118 Nec
268 1076 361 1115 sumus
374 1059 420 1111 hic
434 1075 452 1111 o
472 1060 508 1123 io,
525 1075 579 1111 nec
595 1059 702 1112 scilicet
716 1076 774 1113 esse
796 1078 951 1120 meremurz

145 1138 180 1192 90
213 1136 271 1186 Nec
283 1148 349 1183 cum
359 1132 484 1182 Fortuna
494 1144 572 1180 mens
588 1144 699 1198 quoque
712 1144 792 1181 versa
803 1147 866 1183 mea
879 1141 929 1187 est,

195 1203 246 1256 Illa
259 1200 335 1271 quies
347 1200 450 1261 animo,
468 1214 552 1268 quam
571 1206 604 1248 tu
618 1196 734 1250 laudare
752 1199 870 1269 solebas,

229 1271 279 1324 Ille
296 1278 376 1322 vetus
394 1266 476 1319 solito
488 1273 595 1334 perstat
610 1266 640 1318 in
657 1284 705 1319 ore
718 1268 817 1335 pudor.

194 1344 239 1394 Sic
260 1357 274 1392 e
295 1335 489 1407 osumlonge,
507 1335 547 1387 sic
559 1335 615 1399 hic,
633 1336 827 1390 ubibarbarus
842 1338 939 1411 hostis,

228 1414 265 1462 Ut
276 1356 340 1460 iera
359 1404 420 1475 plus
438 1403 549 1456 valeant
558 1403 668 1475 legibus
682 1422 768 1472 arma,
785 1406 869 1474 facit3

141 1481 175 1537 95
192 1484 262 1534 Rern
281 1483 364 1547 queat
377 1482 409 1526 ut
421 1473 528 1525 nullam
540 1482 584 1524 tot
597 1476 662 1539 iam,
686 1475 832 1543 Graecina,
848 1494 900 1546 per
919 1493 1009 1535 annos

226 1546 342 1601 Femina
352 1543 387 1597 de
407 1543 487 1596 nobis
508 1542 584 1595 virve
605 1558 708 1611 puerve
728 1545 815 1614 queri

191 1621 251 1671 Hoc
264 1615 341 1680 facit,
359 1621 390 1665 ut
402 1613 504 1665 misero
518 1611 631 1664 faveant
651 1612 797 1682 adsintque
811 1615 955 1683 Tomitae3

225 1690 301 1738 Haec
312 1682 444 1754 quoniam
454 1680 536 1733 tellus
547 1681 723 1734 testificanda
736 1683 803 1735 mihi
818 1693 867 1739 est.

191 1756 235 1809 Illi
248 1770 303 1821 me,
322 1753 387 1822 quia
397 1750 470 1803 vella
483 1750 593 1811 vident,
622 1749 764 1803 discedere
777 1752 903 1812 maluntr

124 1828 175 1882 100
224 1827 361 1891 Respecto
374 1819 489 1888 cupiunt
505 1817 552 1869 hic
571 1826 667 1869 tamen
687 1837 744 1872 esse
763 1820 813 1875 sui.

188 1895 247 1945 Nec
259 1890 330 1943 mihi
340 1885 504 1942 crediderit:
528 1894 635 1938 exstant
652 1887 773 1948 decreta,
792 1890 893 1959 quibus
916 1909 968 1947 noa

222 1960 338 2024 Laudat,
356 1967 384 2010 et
396 1956 533 2008 immunes
545 1956 657 2024 publica
673 1975 739 2010 cera
753 1959 829 2013 facit

190 2029 359 2083 Conveniens
374 2025 482 2078 miseria
502 2024 572 2077 haec
585 2041 756 2096 quamquam
774 2028 865 2108 gloria
876 2047 933 2085 non
947 2042 1000 2104 est,

54 2131 59 2140 ·
221 2098 348 2153 Proxima
365 2096 432 2148 dant
447 2094 526 2147 nobis
541 2095 645 2164 oppida
663 2113 764 2148 munus
778 2097 862 2150 idem.

119 2175 169 2231 105
186 2169 245 2225 Nee
262 2169 349 2238 pietas
362 2165 458 2240 ignota
470 2180 533 2215 mea
545 2172 600 2216 est:
618 2164 695 2216 videt
706 2163 816 2233 hospita
823 2166 905 2225 tellus

217 2241 249 2289 In
261 2245 357 2290 nostra
368 2251 479 2287 sacrum
490 2232 610 2285 Caesaris
624 2250 682 2286 esse
694 2234 788 2289 domo.
967 2281 970 2288 .

184 2311 264 2359 Stant
276 2305 383 2376 pariter
393 2311 529 2373 natusque
546 2302 617 2371 pius,
636 2302 791 2373 coniuxque
803 2305 941 2375 sacerdos,

217 2375 339 2428 Numina
350 2374 408 2426 iam
419 2373 495 2425 facto
514 2389 571 2423 non
586 2370 694 2425 leviora
708 2372 770 2425 deo.

182 2444 247 2498 Neu=
255 2443 325 2496 desit
335 2459 399 2511 pars
412 2442 474 2494 ulla
487 2441 602 2504 domus3
627 2450 682 2493 stat
692 2449 811 2512 uterque
823 2453 975 2515 nepotum

115 2517 166 2571 110
215 2513 266 2567 Hic
286 2512 364 2565 ariae
374 2510 457 2564 lateri
468 2510 620 2579 proximus,
650 2510 805 2580 illepatris.
981 2533 984 2538 ·

180 2583 230 2636 His
242 2599 294 2655 ego
312 2581 349 2633 do
360 2580 443 2632 toties
455 2596 519 2631 curn
531 2588 595 2630 ture
605 2580 749 2646 precantia
759 2581 855 2649 verba,
914 2581 916 2586 ’

215 2655 273 2705 Eoo
285 2649 393 2732 quoties
405 2648 493 2719 surgit
508 2648 543 2701 ab
561 2648 630 2700 orbe
650 2648 717 2701 dies.

179 2722 259 2785 Tota,
275 2720 343 2774 hcet
354 2733 484 2801 ψειεν,
501 2716 556 2769 hoc
564 2733 609 2767 me
622 2734 679 2769 non
694 2718 801 2790 fingere
815 2719 899 2789 dicet,

214 2789 403 2854 Officiitestis‚
419 2787 534 2839 Pontica
547 2795 632 2849 terra,
650 2787 715 2839 mei.

112 2861 161 2914 115
177 2858 293 2911 Pontica
303 2874 359 2928 'me
376 2857 470 2920 tellus,
494 2856 602 2926 quantis
613 2855 666 2907 hac
681 2873 826 2926 possumus
837 2873 897 2926 ora,

213 2926 416 2980 Natalemludis
428 2924 481 2979 scit
488 2925 629 2977 celebrare
637 2924 689 2980 dei.

177 2998 235 3049 Nec
242 2997 331 3048 minus
341 2991 494 3065 hospitibus
504 2994 593 3064 pietas
605 3001 646 3045 est
655 2993 766 3064 cognita
778 2994 852 3060 talis,

212 3065 286 3116 Misit
297 3065 325 3117 in
338 3065 388 3116 has
400 3065 423 3115 si
473 3080 503 3114 os
517 3063 603 3133 longa
621 3064 766 3130 Propontis
781 3081 876 3134 aquas.

178 3138 202 3186 Is
220 3147 346 3202 quoque,
373 3149 428 3200 quo
453 3147 534 3184 aevus
547 3131 640 3183 fuerat
657 3132 707 3183 sub
722 3134 849 3200 praeside
861 3135 970 3200 Pontus,

111 3201 162 3256 120
211 3199 335 3258 Audierit
350 3199 438 3251 frater
459 3200 578 3252 forsitan
598 3200 649 3251 ista
667 3209 740 3252 tuns.
777 3221 779 3234 1

176 3272 298 3321 Fortuna
313 3275 354 3319 est
366 3267 459 3336 impar
473 3270 575 3334 animo,
593 3268 697 3338 talique
709 3269 829 3323 libenter

208 3334 324 3405 Exiguos
339 3351 423 3404 carpo
442 3353 558 3390 munere
570 3354 677 3409 pauper
698 3341 772 3409 opes.
