2334 3842
267 216 279 291 ἢ
345 211 590 276 naevorum
611 212 696 275 nia.
719 224 774 279 u:

77 365 182 439 Iupiter
195 370 274 419 ortus
289 372 358 419 erat.
375 367 427 418 Pro
439 382 543 437 magna
556 373 628 417 teste
641 374 760 420 vetustas

109 434 249 489 Creditur.
267 443 419 504 acceptam
451 452 516 487 arce
526 452 640 487 movere
654 435 756 500 fidem,

76 505 156 558 Veste
170 503 259 556 latens
273 520 370 556 saxum
385 451 500 557 coeiesti
512 504 619 556 viscere
631 504 711 560 sedit.

108 573 153 625 Sic
167 572 278 643 genitor
288 573 352 625 fatis
366 572 542 640 decipiendus
558 581 628 627 erat.

75 641 167 694 Ardua
178 641 236 693 iam
247 641 352 694 dudum
364 651 477 694 resonat
488 643 631 694 tinnitibus
642 642 699 711 Ide,

108 713 193 762 Tutus
206 718 239 761 ut
251 711 351 762 infanti
365 711 459 781 vagiat
471 727 520 762 ore
535 729 614 780 puer.

75 780 139 832 Pars
150 779 256 848 clipeos
269 781 395 844 rudibus,
411 780 503 850 galeas
517 797 581 847 pars
593 779 687 835 tundit
698 778 809 835 inanem

107 851 167 900 Hoc
180 851 294 900 Curetes
304 849 417 915 habent,
435 850 490 901 hoc
504 849 674 917 Corybantes
687 865 764 916 opus.

77 917 127 969 lies
139 917 223 969 latuit
233 926 355 985 patrem:
372 917 511 986 priscique
523 918 681 969 imitamina
693 917 764 971 facti

108 989 180 1037 Aera
195 987 264 1038 deae
280 987 395 1039 comites
409 998 549 1055 raucaque
565 996 643 1056 terga
657 995 778 1039 movent.

78 1053 207 1123 Cymbala
218 1073 270 1123 pro
305 1056 382 1120 aleis,
401 1072 452 1125 pro
467 1056 553 1109 scutis
565 1063 697 1123 tympana
729 1055 836 1111 urant:
874 1088 876 1093 ·
932 1092 951 1117 ,‚

108 1123 189 1175 Tibia
203 1124 252 1175 dat
265 1074 407 1194 Pbrygiae,
425 1133 456 1175 ut
473 1124 549 1176 dedit
561 1133 635 1187 ante,
653 1072 761 1176 modos.

77 1193 209 1245 Desierat.
226 1195 326 1261 Coepi:
346 1193 487 1258 Carbula,
506 1209 593 1263 genus
606 1209 679 1258 acre,
698 1193 792 1244 leones

110 1262 248 1314 Praebent
261 1262 385 1317 insolitas
399 1261 435 1313 ad
448 1262 613 1332 iuga'curva
625 1260 723 1312 iubas?

77 1331 225 1382 Desieram.
243 1332 353 1399 Coepitz
371 1332 475 1383 Feritas
490 1330 601 1381 mollita
614 1330 755 1396 perillam

110 1396 250 1451 Creditur:
268 1400 298 1450 id
309 1406 394 1451 curru
411 1399 558 1450 testificata
571 1415 620 1450 suo
635 1407 684 1452 est.
733 1422 738 1443 ι

78 1472 110 1520 at
121 1486 171 1521 cur
180 1467 284 1520 turrita
297 1476 383 1536 caput
395 1477 436 1520 est
450 1468 548 1518 ornata
560 1468 685 1519 corona?

109 1543 150 1588 An
163 1537 289 1606 Phrygiis
304 1546 393 1589 turres
407 1536 522 1588 urbibus
534 1536 583 1587 ilia
595 1535 691 1587 dedit?

78 1606 186 1661 Annuit.
204 1604 283 1656 Unde
299 1607 384 1670 venit,
402 1605 467 1669 dixi,
486 1623 535 1657 sua
547 1605 677 1656 membra
691 1602 805 1658 secandi

110 1674 253 1744 Impetus?
271 1677 308 1727 Ut
322 1676 405 1735 tacui,
424 1674 509 1726 Pieris
519 1691 583 1725 orsa
594 1674 672 1742 loqui
682 1695 697 1725 εἸ
796 1702 799 1711 ·

78 1742 166 1811 Phryx
177 1760 249 1812 puer
264 1743 295 1794 iu
309 1744 383 1795 silvis
399 1742 472 1794 facie
488 1742 655 1810 spectabilis,
671 1741 756 1808 suis,

110 1813 189 1864 Turri
211 1828 288 1863 eram
302 1821 380 1863 casto
390 1812 480 1864 *vinxit
492 1828 587 1863 amore
602 1812 693 1865 deam.

79 1882 156 1934 Hunc
169 1831 223 1932 sili
235 1881 339 1934 servari
351 1880 447 1947 voluit,
464 1898 513 1933 sua
526 1878 632 1948 templa
647 1881 734 1935 tueri:

112 1954 144 2002 Et
156 1950 233 2017 dixit,
251 1954 366 2017 Semper
381 1950 427 2002 fac
440 1966 511 2018 puer
524 1966 582 2001 esse
595 1949 670 2002 velis.

80 2017 128 2071 llle
138 2019 224 2071 fidem
233 2019 311 2071 iussit
325 2018 415 2080 dedit;
435 2027 470 2083 et,
490 2017 518 2069 si
530 2017 659 2083 mentiar,
676 2019 776 2099 inquit,

114 2088 224 2153 Ultima,
242 2105 298 2158 qua
308 2087 415 2154 fallam,
434 2087 469 2138 sit
480 2088 571 2137 Venus
584 2085 633 2137 illa
648 2087 727 2140 mibi.
861 2132 865 2136 ,

81 2157 172 2218 Fallit3
192 2167 220 2210 et
233 2157 263 2208 in
277 2157 406 2224 Nympha
417 2155 574 2225 Sagaritide*
584 2153 685 2205 desinit
698 2173 765 2225 esse,

114 2226 194 2289 Quod
206 2226 270 2279 fuit.
287 2227 358 2277 Hinc
369 2241 472 2294 poenas
488 2224 570 2293 exigit
580 2222 623 2274 ira
637 2222 715 2276 deae.
771 2256 774 2265 ι

82 2294 165 2347 Naida
174 2294 334 2347 vulneribus
347 2292 467 2346 succidit
476 2294 504 2343 in
518 2292 620 2344 arbore
633 2291 728 2346 factis.

113 2363 160 2415 llla
174 2364 256 2432 perit.
273 2367 373 2416 Fatum
384 2361 487 2415 Naidos
503 2362 588 2412 arbor
601 2368 668 2413 erat.
693 2409 696 2413 .

83 2431 129 2484 Hic
139 2434 225 2497 furit3
244 2441 280 2499 et,
299 2432 413 2484 credens
426 2429 544 2483 thalami
558 2429 746 2498 procumbere
757 2437 876 2503 teetunq'
940 2454 942 2459 ·

114 2502 173 2554 sffu
195 2503 226 2570 't,
243 2511 271 2553 et
286 2508 370 2553 cursu
384 2500 523 2569 Dindyma
535 2516 645 2550 summa
658 2498 737 2566 petit.

84 2569 115 2623 Et
126 2589 171 2622 mo
194 2588 219 2636 o,
235 2570 316 2622 Tolle
327 2569 417 2634 facem
434 2571 565 2636 Remove,
578 2568 674 2634 modo,
691 2569 817 2643 verbera,
835 2574 947 2633 clamat,
977 2580 1029 2638 225

115 2644 200 2709 Saepe
215 2639 381 2691 Palaestinas
393 2639 469 2690 iurat
480 2639 575 2691 adesse
588 2638 661 2690 deas.

32 2772 33 2777 Ἰ
85 2705 129 2760 Ille
147 2709 231 2761 etiam
244 2725 308 2761 saxo
323 2724 425 2776 corpus
437 2707 556 2759 laniavit
564 2717 663 2770 acut03

114 2780 207 2848 Longa
248 2794 263 2829 e
277 2776 464 2831 inimmundo
477 2777 592 2845 pulvere
607 2783 698 2828 tracta
707 2792 788 2829 coma
800 2788 852 2835 est.

86 2845 193 2917 Vosque
221 2848 271 2912 uit,
286 2846 387 2900 Merui:
406 2845 520 2898 meritas
531 2845 595 2896 dem
606 2843 740 2913 sanguine
750 2862 865 2913 poenas,
923 2866 945 2876 ’·

115 2915 156 2966 ah
169 2923 287 2985 pereant
297 2923 399 2994 partes,
417 2931 490 3034 quae
500 2928 623 2966 nocuere
635 2912 717 2964 mihi!
976 2920 1030 2985 240

86 2980 123 3035 lh
134 2984 391 3053 pereunti-dicebat
401 3000 418 3034 a
437 2982 500 3036 huo.
518 2988 591 3033 Onus
605 2980 725 3050 inguinis
741 2983 849 3050 aufert3

116 3054 253 3124 Nullaque
269 3061 334 3106 sunt
345 3052 436 3104 subito
446 3051 469 3103 si
509 3050 637 3120 arelicta
651 3050 711 3101 viri.
984 3096 986 3099 ,

87 3120 163 3176 Venit
173 3123 202 3174 in
213 3121 372 3190 exemplum
383 3121 465 3175 furor
484 3120 548 3186 rinc,
564 3117 720 3190 mollesque
730 3121 850 3177 ministri
901 3154 903 3159 «
935 3140 939 3151 ·

119 3191 238 3243 Caedunt
248 3191 357 3243 iactatis
368 3189 434 3242 vilia
445 3188 573 3243 membra
587 3188 684 3244 comis.
761 3232 764 3241 .

88 3256 193 3311 Talibus
203 3259 308 3312 Aoniae
319 3258 442 3314 facunda
451 3274 519 3310 voce
535 3259 671 3311 Camenae
761 3296 763 3303 .

118 3329 231 3381 Reddita
243 3329 360 3400 quaesiti
369 3322 455 3386 causa
463 3326 566 3382 luroris
578 3336 647 3383 eret.
756 3376 759 3384 ,
779 3377 781 3385 ,
901 3370 903 3387 .

127 3420 197 3461 orm.
216 3400 267 3463 ΙΙΙ.
753 3400 837 3461 G'
