2334 3842
181 220 321 276 EPIST.
341 221 399 274 Ex
418 219 571 274 PONTO
593 219 677 278 ΜΒ.
705 215 758 275 ΙΙΙ.
779 221 841 277 ΕΡ.
863 222 1019 287 1X.275

90 370 159 420 cnm
172 383 222 419 sua
239 365 303 436 plus
315 366 392 418 iusto
404 365 532 417 carmine
544 366 664 436 quisque
679 366 790 436 probet.

56 443 161 491 Auctor
176 453 245 506 opus
260 435 364 488 laudat.
400 435 444 487 Sic
463 436 582 487 forsitan
601 437 700 508 Agrius
715 436 794 490 olinr

89 507 233 559 Thersiten
248 505 321 556 facie
335 504 437 556 dixerit
453 521 511 560 esse
529 506 613 558 bona.
698 529 699 534 ¹
749 507 751 513 '
983 514 1017 567 10

56 577 192 635 Iudicium
211 585 307 626 tamen
319 573 367 625 hic
377 585 504 626 nostrum
516 592 575 626 non
589 574 694 644 decipit
709 591 805 646 οπως

89 648 157 710 Nec,
175 642 311 724 quidquid
321 644 414 714 genui,
441 642 568 713 protinus
582 644 655 696 illud
666 661 741 698 amo.

55 715 110 765 Cur
125 714 221 784 igitur,
239 731 262 764 ει
281 729 327 764 me
344 713 454 765 videam
467 712 639 783 delinquere,
657 731 785 783 peccem,

88 786 123 850 Et
139 783 228 852 patiar
242 782 346 861 scripto
365 782 471 834 crimen
488 782 586 847 inesse,
605 800 696 852 roges.

53 852 116 906 Non
134 852 234 904 eadem
248 860 321 903 retro
337 859 387 920 est,
403 851 506 904 sentire
523 860 551 903 et
564 851 677 904 demere
690 854 813 926 morbos.

15 933 17 942 ·
88 925 189 973 Sensus
204 922 277 973 inest
287 921 407 988 cunctis3
433 920 544 976 tollitur
564 930 623 973 arte
636 922 752 976 malum.

54 993 141 1059 Saepe
149 990 265 1059 aliquod
283 991 395 1059 cupiens
407 990 525 1046 verbum
538 999 657 1064 mutare,
684 991 830 1063 relinquo:

86 1059 224 1111 Iudicium
235 1059 306 1111 vires
324 1059 533 1139 destituuntque
554 1078 661 1116 meum.
743 1083 747 1088 ·

22 1167 25 1172 >
52 1132 139 1198 Saepe
152 1128 237 1209 piget,
256 1128 323 1197 quid
336 1128 410 1180 enim
428 1128 555 1180 dubitem
572 1130 626 1182 tibi
641 1145 709 1182 vera
722 1128 828 1182 fateri?
872 1157 874 1164 v

87 1200 242 1267 Corngere,
261 1207 290 1248 et
301 1197 379 1267 longi
391 1196 468 1248 ferre
483 1197 587 1249 laboris
601 1215 679 1253 onus.

52 1267 226 1320 scribentem
237 1267 315 1318 iuvat
331 1267 390 1335 ipse
402 1265 492 1332 favor,
515 1267 672 1336 minuitque
681 1268 825 1336 laborem3

15 1385 17 1392 ,
86 1338 210 1406 Cumque
222 1352 272 1387 suo
288 1351 414 1387 crescens
425 1343 540 1405 pectore
553 1337 644 1388 fervet
657 1355 734 1407 opus.

52 1406 196 1476 Corripere
209 1413 237 1456 at
255 1419 300 1456 res
315 1413 356 1455 est
373 1413 453 1457 tanto
467 1407 557 1476 magis
579 1406 676 1474 ardua,
694 1415 801 1479 quanto

83 1477 201 1545 Magnus
214 1473 373 1526 Aristarcho
386 1474 478 1526 maior
491 1478 628 1527 Homerus
644 1487 724 1530 erat·
803 1513 804 1516 =

51 1543 95 1595 Sic
107 1544 232 1595 animum
243 1542 320 1594 lento
336 1560 468 1595 curarum
481 1544 588 1615 frigore
601 1545 698 1615 laedit,

27 1655 30 1660 ,
84 1616 120 1663 Ut
134 1612 227 1681 cupidi
242 1629 340 1664 cursor
352 1613 436 1665 frena
447 1622 568 1666 retentat
584 1614 659 1684 equi.

50 1683 137 1752 Atque
151 1682 191 1734 ita
204 1681 233 1734 dl
246 1681 328 1733 mites
342 1674 470 1734 minuant
481 1682 551 1735 mihi
565 1683 688 1737 Caesaris
700 1684 783 1756 irem,

44 1791 46 1796 .
84 1755 205 1821 Ossaque
216 1760 318 1822 pacata
332 1761 427 1803 nostra
439 1761 570 1822 tegantur
582 1754 684 1819 hum03

50 1821 85 1870 Ut
98 1820 169 1872 mihi
179 1822 292 1888 conanti
305 1838 506 1890 nonnunquam
518 1823 664 1876 intendere
690 1841 782 1896 curas,

82 1892 222 1941 Fortunae
234 1889 339 1959 species
353 1891 444 1943 obstat
457 1892 558 1945 acerba
569 1910 658 1946 meac.

48 1956 152 2028 Vixque
175 1959 244 2010 mihi
257 1959 363 2025 videor,
383 1959 486 2013 faciam
506 1962 582 2031 quod
594 1962 730 2031 carmina,
747 1979 840 2030 sanus,

81 2031 167 2097 Inque
182 2028 250 2081 feris
263 2043 360 2079 curem
380 2030 521 2100 corrigere
539 2030 589 2081 ille
604 2030 690 2084 Getis.

48 2096 92 2149 Nil
106 2106 202 2149 temen
221 2114 236 2148 e
256 2096 367 2165 scriptis
382 2099 471 2167 magis
491 2099 647 2151 excusabile
663 2100 775 2166 nostris,

81 2168 172 2229 Quam
186 2183 280 2218 sensus
292 2166 399 2230 cunctis
413 2184 501 2235 paene
514 2168 591 2237 qnod
608 2185 681 2220 unus
695 2169 777 2223 inest.

47 2234 129 2287 Laeta
141 2236 203 2288 fere
217 2234 304 2287 laetus
319 2234 417 2302 cecini,
435 2252 505 2287 cano
525 2237 617 2290 tristia
627 2237 725 2291 tristis.

80 2305 250 2358 Conveniens
269 2305 347 2373 operi
358 2313 469 2373 tempus
482 2315 633 2376 utrumque
646 2323 696 2359 suo
712 2315 762 2361 est.

17 2385 18 2392 ¹
47 2374 127 2440 Quid,
144 2374 198 2425 nisi
207 2374 241 2425 de
256 2373 324 2426 vitio
336 2374 458 2426 scribam
472 2392 504 2427 re
524 2375 596 2428 ionis
608 2377 744 2429 amarae?

79 2445 171 2513 thue
185 2442 244 2495 solo
262 2442 370 2495 moriar
384 2461 494 2498 commo
518 2445 585 2507 ore,
605 2446 725 2516 precer?

46 2511 113 2563 Cum
127 2512 212 2565 toties
233 2513 330 2564 eadem
347 2512 450 2579 dicam,
467 2514 512 2566 vix
523 2515 624 2568 audior
640 2515 719 2569 ullis

77 2583 225 2651 Verbaque
237 2582 368 2649 profectu
388 2582 559 2636 dissimulata
582 2593 687 2638 carent.

46 2649 79 2703 Et
90 2657 188 2710 tamen
202 2650 273 2702 haec
288 2650 385 2703 eedem
401 2670 467 2704 cum
479 2653 543 2717 sint,
559 2672 618 2706 non
628 2654 775 2708 scribimus
787 2654 887 2710 isdem:

78 2723 196 2790 Unaque
208 2736 259 2789 per
271 2719 365 2788 plures
378 2738 430 2773 vox
447 2739 511 2774 mee
523 2731 614 2775 tentat
631 2741 723 2792 opem.

45 2790 95 2853 An,
113 2807 148 2842 ne
157 2789 200 2841 bis
216 2789 430 2842 sensumlector
449 2793 587 2860 reperiret
601 2793 731 2862 eundem,

77 2860 152 2910 Unus
165 2857 331 2925 amicorum,
354 2862 445 2925 brute,
461 2861 602 2931 rogandus
618 2862 698 2914 erat?

43 2925 103 2977 Non
117 2927 173 2979 fuit
185 2928 240 2979 hoc
256 2927 343 2992 tanti3
368 2929 496 2982 confesso
508 2930 654 3001 ignoscite,
680 2931 766 2988 docti.

76 2996 163 3049 Vilior
177 3005 218 3048 est
231 2997 321 3065 operis
337 2997 414 3049 fama
426 2999 518 3053 salute
531 3017 604 3054 mea.

41 3060 165 3134 Denique
176 3065 321 3132 materiae,
339 3084 424 3136 quam
438 3067 498 3137 quis
505 3070 558 3122 sibi
575 3069 765 3141 finxeritipse,
855 3081 860 3084 ’

18 3149 27 3156 ”
76 3135 197 3187 Arbitrio
212 3134 303 3186 variet
320 3138 408 3187 multa
421 3141 507 3218 poita
520 3156 580 3194 suo.
863 3157 866 3185 1

41 3200 118 3255 Musa
131 3220 196 3256 mea
212 3213 254 3255 est
266 3203 348 3255 index
362 3204 480 3258 nimium
492 3225 606 3278 quoque
621 3224 689 3260 vera
701 3207 864 3279 melorum}

75 3274 165 3342 Atque
180 3273 362 3341 incorruptae
372 3275 498 3342 pondera
517 3279 595 3330 testis
608 3278 703 3331 habet.

39 3336 99 3394 Nec
110 3341 184 3396 liber
194 3349 226 3395 ut
238 3341 330 3414 fieret,
347 3343 397 3396 sed
410 3345 453 3397 uti
462 3363 513 3399 sua
529 3348 630 3419 cuique
648 3347 762 3403 darettu
