2334 3842
150 240 217 307 244
281 277 284 282 -
338 273 342 280 -
422 215 857 301 aovmnuasouu'

365 383 997 457 EPISTOLAm..

331 513 333 516 ·
470 492 794 545 Maximo

221 575 371 674 Maxime,
383 607 439 680 'qui
450 605 532 662 claris
547 623 652 661 nomen
662 608 811 662 virtunlms
831 624 944 681 aequas,

257 680 315 731 Nec
328 678 394 734 sinis
407 678 551 751 ingenium
564 678 712 731 nobilitate
726 680 833 749 premi3

221 747 301 800 Culte
315 747 393 814 mihi,
412 748 480 818 quid
495 748 569 799 enim
586 757 673 801 status
689 748 736 800 hic
749 765 765 800 a
778 749 880 801 funere
888 747 1008 804 ‘differte

256 820 424 885 Supremum
439 817 514 869 vitae
527 825 640 886 tempus
655 815 779 887 adusque
793 834 889 870 meast

186 887 204 941 5
220 887 292 939 llem
303 885 385 952 facis,
398 886 541 939 afflictum
549 904 606 937 non
622 896 761 940 aversatus
773 887 907 954 amicum,

256 957 317 1019 Qua
329 972 387 1007 non
402 963 443 1007 est
455 972 523 1007 aevo
536 956 630 1007 rarior
640 956 698 1007 ulla
713 964 772 1010 tuo.

220 1024 315 1092 Turpe
328 1024 443 1094 quidem
458 1025 544 1092 dictu,
562 1025 621 1092 sed,
640 1024 760 1077 simodo
776 1041 843 1080 vera
855 1025 986 1091 fatemur,
1060 1089 1061 1094 Ἰ

256 1092 362 1164 Vulgus
373 1093 509 1147 amicitias
522 1094 645 1146 utilitate
656 1095 767 1164 probat.

221 1163 294 1215 Cura
303 1161 371 1233 quid
384 1163 512 1233 expediat
525 1163 603 1233 prius
616 1172 667 1230 est,
685 1179 772 1245 quam
825 1162 853 1216 ‘d
867 1163 904 1217 sit
920 1163 1066 1216 honestum:

170 1233 206 1287 10
256 1234 370 1284 Etcum
383 1235 505 1286 Fortuna
518 1240 629 1303 statque
642 1234 774 1303 caditque
810 1232 867 1286 des.

219 1301 279 1355 Nec
291 1298 376 1354 facila
389 1302 512 1355 invenias
523 1302 619 1353 multis
633 1318 649 1353 e
662 1302 788 1354 millibus
800 1318 898 1370 unum,

126 1379 129 1386 '
254 1370 393 1423 Virtutem
407 1372 532 1441 pretium
546 1371 595 1453 qui
608 1379 689 1439 putet
705 1388 763 1433 esse
776 1371 829 1426 sui.

219 1442 280 1509 Ipse
292 1438 388 1507 decor,
405 1450 483 1493 recte
495 1441 564 1493 facti
579 1441 601 1491 si
613 1442 738 1509 praemia
753 1440 855 1504 desint,

255 1511 318 1562 Non
333 1513 438 1573 mo’vet,
456 1519 486 1562 et
498 1511 583 1581 gratis
598 1510 721 1579 poenitet
737 1526 795 1562 esse
809 1510 941 1579 probum.

169 1573 202 1633 16
217 1576 344 1645 Nuntii
360 1578 437 1649 quod
451 1580 573 1649 prodeat,
592 1595 690 1631 carum
703 1587 752 1631 est.
787 1583 808 1645 1,
826 1579 943 1631 detrahe
955 1574 1039 1631 menti
1134 1605 1135 1612 κ

254 1647 457 1715 Spemfruotus
471 1648 579 1714 uvidae,
598 1665 682 1700 nemo
698 1648 832 1717 petendus
844 1647 920 1702 erit(

219 1718 255 1768 at
268 1714 372 1769 reditus
384 1718 442 1769 iam
454 1719 570 1788 quisque
582 1732 646 1769 suos
658 1726 741 1776 amat,
761 1726 789 1770 et
803 1717 856 1769 sibi
871 1716 938 1789 quid
952 1715 992 1787 sit,

254 1784 337 1852 Utile,
355 1785 481 1839 sollicitis
495 1795 627 1856 supputat
637 1786 771 1840 articulis.

218 1852 292 1907 Illud
313 1854 459 1908 Amicitiae
473 1855 616 1926 quondam
630 1856 789 1910 venerabile
801 1865 908 1907 numen

166 1921 203 1979 20
250 1924 372 1991 Prostat,
386 1932 419 1988 et
430 1924 460 1977 iu
475 1933 593 1995 quaestu
605 1942 657 1995 pro
672 1924 822 1978 meretrice
835 1923 924 1977 sedet.

178 2037 180 2043 .
219 1994 281 2057 Quo
295 1993 385 2064 magis
396 1993 530 2062 admiror,
548 2011 616 2062 non,
634 2003 667 2047 ut
676 1994 847 2047 torrentibus
859 1992 950 2060 undio,

256 2062 416 2115 Communia
433 2062 494 2115 vitii
504 2073 533 2116 te
548 2081 660 2134 quoque
672 2064 736 2117 labe
749 2062 832 2115 trahi.

217 2129 349 2202 Diligitur
360 2149 453 2201 nemo,
471 2133 524 2186 nisi
538 2134 586 2185 cui
598 2138 720 2186 Fortuna
731 2131 854 2185 secunda
867 2138 917 2185 est.
1028 2187 1033 2195 ⁴

254 2202 339 2269 Quae,
358 2201 441 2255 simul
453 2202 582 2268 intonuit,
600 2203 726 2272 proxima
738 2217 866 2272 quaeque
878 2200 970 2271 fugat.
989 2205 993 2211 ’

96 2303 102 2310 -
167 2267 202 2325 2⁵
218 2270 260 2322 En
279 2286 341 2341 ego,
359 2287 417 2324 nou
432 2273 527 2341 paucis
544 2272 685 2342 quondam
697 2272 822 2324 munitus
831 2270 941 2338 amicis,

253 2339 327 2391 Dum
339 2340 419 2393 flavit
434 2341 502 2394 velis
518 2359 587 2394 aura
598 2341 720 2399 secunda
730 2341 813 2405 meis;

218 2410 256 2460 Ut
270 2407 332 2461 fera
346 2408 475 2463 nimboso
487 2419 656 2470 tumuerunt
671 2426 794 2480 aequora
809 2415 904 2477 vento,

254 2479 287 2529 In
303 2478 403 2540 nudiis
413 2479 507 2531 lacera
519 2497 613 2550 puppe
627 2480 772 2549 relinquor
789 2495 805 2530 a
850 2476 879 2534 ἐ.
965 2483 969 2494 ‘

219 2546 344 2616 Cumque
357 2546 406 2599 alii
418 2548 510 2600 nolint
525 2551 610 2602 etiam
625 2566 672 2602 me
689 2565 772 2600 nosse
781 2547 810 2599 vi
830 2545 882 2612 eri,

167 2612 204 2669 80
253 2617 306 2670 Vix
317 2616 373 2668 duo
385 2618 511 2685 proiecto
523 2627 615 2671 tresve
628 2617 730 2670 tulistis
744 2633 837 2686 opem.

220 2687 348 2750 Quorum
361 2693 393 2737 tu
402 2686 548 2756 princeps:
565 2704 619 2740 nec
634 2688 710 2740 enim
725 2703 821 2739 comes
835 2701 902 2751 esse,
920 2684 970 2737 secl
981 2689 1074 2748 cucur,

254 2756 313 2807 Nec
328 2763 424 2823 petere
437 2751 605 2826 exemplum,
622 2757 670 2809 sed
685 2756 752 2808 dare
766 2755 865 2826 dignus
880 2770 949 2809 eras.

220 2823 269 2889 Te,
288 2823 360 2875 nihil
376 2834 482 2890 exacto,
500 2826 554 2877 nisi
565 2844 617 2877 nos
627 2841 757 2895 peccasse
770 2825 909 2877 fatentem

252 2895 357 2971 Sponte
369 2910 420 2946 sua
432 2895 559 2964 ¹probitas
573 2896 756 2964 officiumque
769 2894 873 2947 iuvant

168 2957 203 3014 85
220 2959 318 3014 Iudice
332 2970 361 3014 te
372 2963 509 3016 vmercede
524 2973 612 3030 caret,
630 2982 682 3033 per
696 2980 781 3033 seque
793 2961 916 3033 petenda
929 2970 970 3014 est

254 3030 379 3083 Externis
391 3033 480 3084 virtus
495 3033 660 3086 incomitata
670 3033 759 3086 bonis.

220 3098 314 3176 Turpe
320 3108 406 3217 Xutas
420 3102 504 3172 abigi,
523 3104 588 3172 quia
602 3105 638 3155 sit
652 3101 834 3168 miserandus,
852 3101 991 3164 amioum3

256 3169 317 3228 Quo
340 3185 392 3235 que
403 3168 440 3220 sit
454 3170 559 3237 infelix,
578 3171 706 3225 desinere
721 3188 779 3223 esse
793 3180 884 3224 tuum.

221 3233 315 3286 Mitius
330 3242 371 3286 est
384 3236 455 3288 lasso
469 3238 496 3289 di
521 3240 591 3292 ‘tum
604 3257 762 3311 supponere
777 3248 883 3305 mento,

170 3299 207 3355 4'0
257 3304 384 3371 Mergere
397 3320 482 3372 quam
495 3257 608 3377 ffquidis
620 3328 671 3363 ora
684 3308 804 3362 natantis
817 3309 906 3379 aquis.

222 3369 321 3438 Cerne,
339 3370 407 3441 quid
417 3375 550 3430 Aeacides
561 3389 626 3449 post
637 3389 760 3434 mortem
769 3387 892 3450 praestet
906 3372 1011 3428 amico:
