2334 3842
133 227 189 321 ,³²4
416 229 448 286 P.
471 228 624 285 ovum
645 226 850 286 Nasutus»

215 373 297 429 Nunc
308 374 381 430 bene
394 373 550 445 prospicies
560 374 678 429 Latiam.
710 370 878 446 concordia,
901 377 1032 433 turbam:

146 442 200 502 640
252 446 334 498 Nunc
353 453 381 497 te
395 454 523 498 sacratae·
531 444 679 497 restituere
691 460 799 496 manus.

115 566 117 581 ζ
214 515 312 568 Furius
323 514 469 584 antiquum
482 513 580 596 populi
599 522 747 584 superator
759 514 888 568 Hetrusui

250 585 381 650 voverat,
399 592 497 636 etvotr
508 583 631 636 solverat
651 593 716 636 ante
732 583 827 637 fidem.

216 653 311 719 Causa,
343 651 453 723 quoda
470 653 595 723 patribus
612 652 711 705 sumtis
729 660 881 706 secesserat
897 653 983 709 armis

249 721 363 794 Vulgus,
389 730 417 773 et
427 721 488 792 ipsa
506 739 568 775 suas
584 722 675 775 Roma
690 723 808 775 timebat
820 739 895 792 opes.

146 787 198 852 645
216 794 303 845 Causa
317 808 419 851 ¹recens
443 792 563 859 melior:
592 808 687 862 passos
701 792 854 845 Germania
870 793 961 850 crinea

249 858 370 931 Porrigit
386 861 524 930 auspiciis,
542 861 597 913 dux
612 861 780 930 venerande,
797 862 861 917 tuis.

215 929 283 983 Inde
293 930 481 1003 triumphatae
493 928 587 983 libasti
597 948 716 983 munera
727 932 832 1003 gentis3

249 999 421 1070 Templaque
432 1000 533 1067 fecisti,
551 1016 637 1071 quam
655 1000 724 1053 coiis
741 1003 749 1051 i
771 1017 809 1069 se,
827 999 905 1056 deae.

214 1070 291 1122 Haec
305 1078 356 1141 tua
367 1070 511 1122 constituit
529 1070 665 1122 Genetrix
681 1079 710 1122 et
725 1018 810 1123 rebus
827 1079 856 1124 et
873 1087 931 1139 ara,

131 1184 135 1194 .
147 1133 201 1194 650
253 1136 393 1192 Sola'toro
411 1139 507 1211 magni
518 1138 604 1212 digna
615 1148 727 1210 reperta
737 1140 817 1194 Iovis,

215 1220 305 1295 Haec
319 1243 368 1297 ubi
381 1243 556 1307 transierim
584 1242 763 1313 Capricorno,
779 1242 899 1312 Phoebe,
915 1241 1028 1313 relicto,

179 1356 184 1364 .
250 1313 303 1364 Per
314 1312 420 1365 iuvenis
433 1330 529 1366 curres
548 1312 629 1384 signa
644 1314 766 1384 gerentis
783 1330 895 1384 aquam.

216 1391 364 1486 Septimus
381 1415 448 1471 hinc
462 1416 560 1468 Oriens
579 1433 645 1468 cum
662 1433 691 1468 se
709 1415 851 1469 demiserit
869 1415 965 1481 undis3

249 1483 378 1556 Fulgebit
395 1494 456 1539 toto
472 1487 531 1538 iam
547 1489 621 1555 Lyra
635 1485 714 1538 nulla
732 1486 810 1556 poto.

118 1594 119 1597 ’
147 1586 199 1648 655
216 1570 321 1646 Sidere
334 1589 369 1641 ab
383 1588 448 1655 hoo,
463 1588 536 1659 ignis
554 1587 677 1640 venienti
694 1598 788 1656 nocte,
804 1589 904 1642 Leonis

251 1659 306 1722 Qui
317 1659 405 1711 micat
415 1658 445 1731 in
457 1658 552 1711 medio
566 1666 690 1727 pectore,
707 1676 815 1712 mersus
833 1659 895 1713 erit.

217 1740 286 1816 Ter
299 1771 398 1832 quater
413 1760 502 1812 evolvi
519 1760 661 1832 signantes
678 1770 808 1831 tempora
825 1761 921 1833 iustos,

252 1834 312 1883 Nec
326 1831 484 1882 Sementiua
499 1840 541 1883 est
554 1831 613 1883 ulla
625 1845 737 1900 reperta
753 1832 826 1896 dies3

218 1903 287 1954 Cum
301 1900 379 1963 mihi,
395 1900 480 1951 sensit
497 1900 581 1968 enim,
598 1903 656 1952 Lux
673 1901 743 1953 haec
759 1900 900 1967 indicitur,
916 1898 1019 1975 inquit,

148 1962 202 2026 660
253 1972 345 2022 Musa:
366 1969 436 2040 quid
448 1986 466 2020 a
476 1968 555 2022 fastis
567 1987 624 2021 non
636 1979 709 2023 stata
719 1970 802 2023 sacra
812 1971 903 2039 petis?

218 2043 309 2110 thue
323 2038 382 2090 dies
396 2039 608 2102 incertarum,
629 2039 669 2092 sio
686 2049 816 2108 tempora
832 2042 928 2109 certa}

253 2108 410 2165 seminibus
422 2108 501 2163 iactis
515 2117 558 2161 est
570 2109 620 2161 ubi
634 2109 726 2161 foetiss
744 2126 820 2180 agor.

217 2182 294 2233 State
316 2178 445 2231 coronati
458 2176 573 2247 plenum
593 2176 630 2229 ad
646 2195 780 2248 praesepe
797 2179 922 2234 iuvenci:

254 2251 323 2300 Cum
335 2248 429 2318 tepido
442 2257 567 2301 vestrum
578 2263 645 2299 vere
663 2247 766 2300 redibit
780 2265 859 2317 opus.
907 2290 909 2295 ,

57 2362 60 2367 a
148 2311 201 2375 665
216 2319 344 2372 Rusticus
362 2317 509 2369 emeritum
529 2316 594 2386 palo
609 2317 761 2386 suspendat
777 2327 920 2379 aratrum:

253 2391 340 2438 Omne
353 2386 521 2441 reformidat
532 2385 636 2457 frigida
646 2387 744 2439 vulnus
756 2385 866 2441 humus.

218 2456 326 2521 Villice,
345 2454 381 2507 da
391 2456 518 2526 requiem
530 2465 631 2520 terrae,
648 2464 772 2508 semente
782 2464 912 2526 peracta:
956 2486 958 2492 ·

252 2527 294 2577 Da
307 2525 450 2596 requiem,
467 2534 572 2579 terrum
588 2525 637 2595 qui
654 2525 781 2592 coluere,
799 2525 889 2579 viris.¹

217 2595 306 2664 Pagus
327 2603 392 2666 agat
403 2593 521 2669 festum:
543 2612 649 2665 pagum
667 2594 794 2662 lustrate,
818 2594 923 2663 uoloni,
966 2644 968 2647 ,

149 2656 203 2717 670
252 2667 286 2717 Et
304 2665 366 2716 date
382 2664 498 2735 paganis
512 2682 606 2725 annua
616 2663 674 2717 liba
685 2664 766 2718 focis.
984 2709 994 2723 ,

217 2731 366 2789 Placentur
378 2741 481 2786 matres
493 2733 620 2804 frugum,
637 2733 793 2802 Tellirsque‘
808 2735 953 2805 Cereeqsse,

253 2805 338 2856 Farre
349 2821 408 2870 suo,
426 2803 557 2874 gravidae
570 2803 776 2872 visceribusque
794 2804 859 2858 suis.

219 2871 350 2925 Officium
362 2890 511 2926 commune
525 2875 606 2927 Ceres
617 2881 645 2925 et
656 2874 744 2924 Terra
752 2881 887 2924 tuemur:

169 2961 176 2971 ’
252 2945 327 2994 Haeo
349 2943 466 3012 praebet
480 2959 593 2996 oausam
605 2941 743 3012 frugibus,
773 2941 940 2997 illalocum.

148 3005 202 3064 676
220 3013 365 3066 consortes
385 3019 510 3081 operum,
527 3029 578 3082 per
599 3029 667 3082 quas
687 3019 818 3063 correcta
832 3020 965 3079 vetustas,

254 3085 421 3151 Quernaque
433 3081 512 3155 glans
524 3081 599 3133 victa
611 3089 653 3135 est
666 3080 777 3132 utiliore
796 3080 876 3147 cibo,

217 3150 353 3221 Frugibus
366 3150 508 3204 immensis
522 3150 616 3203 auidos
630 3150 727 3203 satiate
741 3149 865 3217 colonos,

253 3223 291 3272 Ut
306 3219 418 3290 capiant
430 3219 520 3272 cultus
533 3220 658 3290 praemia
667 3218 758 3288 *digna
771 3220 822 3271 sui.

217 3289 274 3344 vos
285 3289 348 3342 date
365 3296 514 3360 perpetuos
531 3289 635 3341 teneris
651 3287 821 3340 sementibus
832 3288 948 3353 suctus3

92 3418 115 3435 ,ὁ
150 3358 204 3418 680
254 3360 313 3412 Nec
332 3366 405 3411 nota
422 3374 474 3429 per
488 3357 593 3429 gelidas
604 3358 693 3410 herba
705 3357 741 3409 sit
756 3366 818 3409 usta
832 3357 918 3410 nives.

219 3430 290 3485 cum
300 3428 425 3500 suiuus,
451 3427 563 3483 coelum
574 3427 663 3483 ventis
681 3427 786 3500 aperite
802 3424 919 3483 serenis:
