2334 3842
140 231 183 295 54
370 278 374 285 ,
411 232 444 288 P.
468 232 623 288 ovmn
647 232 838 293 NASONIS

140 381 193 436 290
242 379 302 445 Est,
321 376 376 445 ait,
395 386 423 432 et
435 377 511 431 saevi
522 378 648 435 flectitur
664 377 708 430 ira
724 378 805 432 lovis.

209 449 264 501 Sed
278 456 412 517 poterunt
425 451 512 502 ritum
522 449 603 501 Picus
618 452 783 518 Faunusque
795 448 892 516 piandi

244 518 380 584 Prodere,
399 516 518 569 Romani
527 534 637 571 *numen
652 526 769 587 uterque
784 517 845 573 soli.

209 588 269 640 Neo
283 587 341 639 sine
352 587 381 638 vi
393 585 518 650 tradent3
536 586 667 638 adhibeto
680 587 792 639 vincnla
802 588 900 656 captis.
933 614 936 621 ·
974 612 976 615 ·

242 661 334 726 Atque
344 656 401 722 ita,
416 673 473 724 qua
484 656 607 724 possint,
625 656 730 721 erudit,
748 665 809 708 arte
822 657 894 725 capi.

139 727 192 784 295
208 726 299 778 Lucus
313 724 449 776 Aventino
464 726 576 778 suberat
588 726 670 795 niger
681 723 752 777 ilicis
766 726 878 791 umbre,

246 798 307 857 Quo
320 794 485 873 possessiso
499 794 602 860 dicere,
620 797 730 846 Numen
743 795 824 847 inest.

209 868 241 917 In
255 862 348 914 medlo
362 879 492 933 gramen,
510 878 664 932 muscoque
677 864 814 932 adoperta
828 862 929 916 virenti

244 931 375 983 Manabat
388 949 453 984 saxo
467 948 538 985 vena
552 934 681 1000 perennis
694 948 791 1002 aquae.

210 1000 277 1052 lude
290 1000 350 1053 fere
364 1000 417 1052 soli
429 1005 541 1059 Faunus
550 1002 688 1070 Picusque
700 1002 842 1056 bibebant.

140 1071 194 1128 300
246 1069 405 1134 Huo'venit,
420 1078 449 1122 et
462 1071 535 1123 fonti
546 1087 595 1122 rex
605 1073 697 1122 Numa
710 1080 817 1123 mactat
830 1084 921 1125 avem,

209 1139 348 1208 Plenaque
359 1138 467 1192 odorati
483 1140 604 1209 disponit
614 1140 716 1208 pocula
727 1140 843 1206 Bneolm

246 1211 369 1278 Cumque
381 1210 436 1261 suis
450 1218 530 1262 antro
547 1208 677 1262 conditus
692 1210 749 1279 ipse
762 1210 841 1262 latet.

209 1278 252 1330 Ad
263 1277 359 1330 solitos
374 1279 487 1330 reniunt
502 1278 637 1330 silvestria
649 1279 763 1331 numina
778 1279 886 1331 fontes:
910 1282 915 1289 '

243 1350 277 1398 Et
290 1346 415 1399 relevant
426 1347 516 1404 multo
527 1357 645 1417 pectora
658 1348 733 1401 sicca
743 1362 832 1400 mero.
997 1372 999 1379 ·
1091 1382 1093 1387 f

139 1416 193 1476 305
209 1415 281 1471 Vina
296 1416 373 1486 quies
387 1417 525 1487 sequitur:
564 1417 637 1469 elido
652 1419 744 1469 Numa
756 1416 852 1485 prodit
866 1416 901 1469 uls
914 1424 1006 1485 antro,

246 1486 400 1556 Vinclaque
414 1488 517 1554 sopitas
530 1434 608 1537 addit
617 1487 646 1536 in
659 1492 722 1538 arta
732 1502 844 1538 manua·
942 1512 945 1519 ,

210 1558 328 1607 Somnus
338 1564 370 1606 ut
380 1554 525 1620 abscessit,
539 1555 672 1606 tentando
684 1556 797 1608 vincula
807 1563 937 1626 pugnant

245 1627 397 1692 Rumpere3
415 1632 569 1699 pugnantes
585 1624 686 1676 fortius
701 1625 750 1676 illa
760 1633 867 1676 tenent.
930 1640 932 1645 ’
950 1652 951 1657 =

210 1695 282 1745 Tum
296 1696 402 1759 Numa,
420 1693 451 1744 di
459 1708 624 1757 nemorum,
643 1694 725 1745 factis
738 1694 875 1764 ignoscite
886 1693 998 1762 nostris,

141 1759 194 1818 810
245 1764 273 1813 si
284 1761 374 1813 scelus
385 1762 496 1832 ingenio
510 1761 584 1813 scitis
601 1763 696 1815 abesse
709 1780 783 1817 meo.

211 1828 328 1899 Quoque
344 1830 430 1883 modo
445 1829 530 1897 possit
542 1831 665 1899 fulmen,
683 1840 852 1897 monstrate,
870 1832 951 1899 piari.
989 1858 991 1863 .

247 1901 293 1951 Sic
305 1901 410 1952 Numae
428 1899 471 1950 sic
486 1902 611 1970 quatiens
626 1918 731 1953 cornua
744 1904 852 1952 Faunus
865 1902 918 1954 ait:
1011 1914 1013 1917 ’

210 1969 411 2048 Magnapetis3
427 1982 482 2021 neo
492 1984 568 2090 quae
581 1971 692 2022 monitu
705 1970 758 2022 tibi
773 1970 880 2021 discere
895 1978 993 2024 nostro
1017 1996 1021 2003 ·

200 2050 202 2057 ’
246 2041 297 2090 Fas
310 2046 359 2103 s1t3
377 2037 481 2093 hahent
513 2054 561 2091 nes
572 2040 689 2091 numina
700 2048 797 2091 nostra
809 2054 881 2091 suos.

142 2108 195 2171 315
211 2109 245 2159 Di
257 2123 352 2158 sumus
366 2108 501 2178 agrestes,
521 2118 548 2160 et
563 2110 612 2178 qui
626 2108 804 2161 dominemur
815 2108 843 2159 in
858 2107 922 2160 altis

248 2176 401 2242 Montibus3
419 2177 567 2229 arbitrium
578 2185 620 2228 est
632 2178 662 2229 in
675 2194 724 2229 sua
737 2178 796 2229 tela
809 2177 877 2230 lovi.
917 2190 919 2197 '

212 2248 293 2298 Hunc
304 2254 336 2297 tu
350 2264 408 2298 nou
419 2246 525 2314 poteris
539 2264 590 2315 per
601 2255 630 2297 te
644 2246 783 2299 deducere
797 2245 892 2300 coelo:

159 2362 165 2369 .
247 2320 283 2366 at
295 2315 399 2384 poteris
411 2324 507 2368 nostra
517 2315 635 2368 forsitan
646 2333 710 2368 usus
722 2330 784 2384 ope.

212 2383 326 2436 Dixerat
337 2384 407 2439 haec
419 2387 542 2437 Faunus:
560 2401 612 2453 par
626 2394 666 2437 est
679 2383 818 2437 sententia
826 2383 895 2439 Pici.

144 2451 197 2509 820
246 2456 334 2505 Deme
347 2462 442 2505 tamen
458 2453 539 2505 nobis
553 2453 681 2519 vincula,
700 2455 778 2506 Picus
791 2453 838 2506 ait.
889 2461 892 2469 “
934 2474 936 2483 ⁴

212 2523 318 2591 Iupiter
329 2522 384 2574 huc
398 2521 505 2586 veniet,
523 2522 614 2573 valida
627 2522 762 2575 deductus
774 2523 809 2574 ab
823 2530 893 2578 arte.

247 2591 349 2644 Nubila
361 2591 490 2671 promissi
501 2595 565 2659 Styx
577 2592 648 2644 mihi
659 2592 737 2644 testis
751 2592 812 2644 erit.

212 2660 311 2715 Emissi
324 2660 392 2730 quid
405 2668 490 2729 agant
502 2660 625 2730 laqueis,
645 2678 715 2731 quae
729 2660 853 2712 carmina
867 2659 973 2729 dicans,

250 2733 365 2799 Quaque
377 2729 490 2781 trahant
503 2730 609 2798 superis
624 2731 733 2782 sedibus
745 2738 805 2781 arte
817 2733 922 2794 lovem,
998 2764 1000 2773 i

146 2798 198 2856 825
215 2800 292 2852 Scire
305 2798 382 2850 nefas
395 2798 512 2852 homini.
545 2799 632 2850 Nobis
644 2792 776 2851 concessa
792 2808 938 2866 canuntur,
959 2830 961 2833 ·

252 2871 382 2941 Quaeque
394 2868 441 2988 pio
457 2867 510 2919 dici
524 2868 592 2920 vatis
607 2869 642 2920 ab
656 2867 791 2923 orelicet.

215 2937 336 2990 Eliciunt
345 2954 395 2988 coe
408 2946 480 3001 ote,
497 2936 617 3007 Iupiter,
634 2937 709 2989 unde
720 2936 843 2988 minores
987 2966 989 2971 .

251 3009 331 3058 Nunc
346 3015 498 3074 quoquere
512 3006 671 3074 celebrant,
689 3004 863 3074 Elisiumque
875 3014 987 3062 vocant.

217 3075 331 3128 Constat
343 3074 494 3127 Aventinae
507 3076 653 3127 tremuisse
667 3075 813 3128 cacumina
827 3074 927 3129 silvae:
1033 3092 1036 3101 ·

148 3142 201 3202 380
249 3147 392 3211 Terraque
404 3143 527 3195 subsedit
539 3145 666 3213 pondere
673 3161 768 3214 pressa
780 3145 875 3207 Iovis„

216 3213 307 3266 Corda
319 3213 425 3263 micant
437 3212 523 3281 regis:
541 3221 658 3283 totoque
673 3232 688 3266 e
702 3222 815 3282 pectore
827 3211 939 3283 sanguis

251 3282 346 3352 Fugit3
365 3289 393 3332 et
405 3276 527 3332 hirsutae
538 3281 678 3352 diriguere
690 3298 798 3335 comae.
849 3320 853 3324 ,
893 3310 896 3315 ·

218 3349 351 3413 Utrediit
363 3348 486 3420 animum
503 3351 545 3402 Da
556 3360 634 3405 certa
645 3352 785 3422 piamina,
802 3349 880 3420 dixit,
966 3394 969 3401 .
