2334 3842
205 245 259 300 Ex
279 245 436 301 PONTO
454 244 592 300 EPIST.
625 246 709 304 LIB.
730 249 768 307 tt·
788 249 849 306 ΕΡ.
870 248 906 305 11.

332 365 811 491 celsiore-11(

260 492 822 573 misrrumum

73 559 136 650 lue
148 596 249 648 domus
261 594 480 665 restraeprimis
493 604 642 649 venerator
656 597 692 651 ab
711 599 790 656 anni,
805 631 809 643 .

111 666 209 718 Pulsus
221 663 257 717 ed
268 665 365 719 Euxini
378 668 451 718 Naso
463 665 573 719 sinistra
584 665 666 731 freti3

73 735 162 790 Mittit
176 735 212 787 ab
224 733 370 789 indomitis
381 734 465 801 hanc,
482 734 650 801 Messalline,
666 734 797 807 salutern,
887 786 893 793 ,

109 808 203 869 Quem
215 803 312 857 solitus
324 820 454 873 praesens
471 803 578 857 esttibi
592 803 676 870 ferre,
695 806 781 861 Getis.

73 873 127 927 Hei
143 872 224 939 mihi,
240 872 265 924 si
275 873 351 925 lecto
365 872 522 926 vultustibi
533 871 648 924 nomine
658 890 717 925 non
731 884 781 943 est,

110 942 167 1005 Qui
182 941 249 1009 fuit,
268 951 297 994 et
310 942 418 1012 dubitas
432 944 545 995 caetera
554 941 714 1012 perlegere!

73 1011 202 1082 Perlege,
216 1028 270 1064 nec
283 1028 397 1064 mecum
408 1012 515 1080 pariter
528 1028 593 1064 mea
604 1011 691 1064 rerba
704 1011 816 1084 relegat

109 1081 188 1133 Urbe
199 1079 267 1134 iicet
281 1090 373 1133 vestra
385 1081 509 1133 versibus
519 1097 578 1133 esse
590 1081 669 1134 meis.

74 1152 141 1206 Non
157 1166 210 1220 ego
226 1150 354 1220 concepi,
370 1149 394 1203 si
408 1149 506 1205 Pelion
520 1156 587 1202 Ossa
597 1149 717 1218 tulisset,

111 1219 194 1272 Clara
206 1235 271 1271 mea
285 1224 333 1270 ten
377 1218 468 1270 sidera
482 1235 562 1287 posse
574 1235 668 1271 manu.

75 1291 137 1344 Neo
153 1303 214 1355 uos,
230 1237 363 1351 Encelaii
375 1287 516 1351 dementia
527 1282 619 1341 cestra
633 1286 733 1357 secuti,

109 1362 144 1410 ln
155 1373 252 1409 rerum
267 1355 396 1409 dominos
408 1357 545 1410 movimus
560 1373 640 1409 erma
652 1355 729 1411 deos.

75 1428 147 1494 Nec,
165 1425 241 1495 quod
251 1424 536 1495 Tydidoetemerarie
548 1425 665 1485 dextere
678 1424 757 1492 fecit,

110 1494 234 1549 Numina
248 1498 313 1547 sunt
329 1495 391 1547 telis
406 1495 464 1547 ulia
509 1496 559 1547 rita
570 1495 650 1551 meis.

76 1566 125 1618 Est
138 1563 417 1636 meaculpegraris,
435 1581 464 1616 se
500 1582 572 1635 quae
584 1581 631 1617 me
641 1563 760 1634 perdere
770 1562 863 1631 solum

111 1639 186 1686 Ausa
199 1635 244 1700 sit,
263 1642 292 1686 et
307 1634 418 1687 nullum
429 1635 518 1687 maius
535 1634 635 1689 adorta
645 1633 735 1688 nefus.

77 1703 124 1761 Nil
137 1703 191 1755 nisi
204 1720 263 1754 nou
276 1704 383 1772 sepiens
397 1720 512 1773 possum
524 1704 693 1773 timidusque
707 1702 819 1765 tumme

112 1776 189 1825 Haec
205 1772 260 1824 duo
275 1782 340 1824 sunt
353 1773 440 1825 anirni
452 1773 570 1826 nomina
581 1791 648 1826 vera
659 1771 725 1826 mei.
769 1818 773 1827 ,

77 1842 144 1893 Esse
194 1841 268 1893 'dem
281 1842 383 1909 fateor,
399 1842 530 1894 meritam
543 1851 607 1911 post
619 1841 844 1910 Caesaris-inem.

100 1912 146 1962 ‚Di
180 1910 264 1962 eilem
278 1912 407 1980 precibus
418 1920 448 1964 te
463 1912 648 1982 quoqueiure
663 1911 741 1964 meis.
773 1923 793 1966 ,·
855 1962 859 1973 ,

80 1982 158 2044 Quae
201 1996 215 2031 e
231 1989 280 2033 tue
292 1989 334 2032 est
344 1982 433 2050 pietas
446 1980 476 2032 in
491 1990 584 2034 totum
599 1997 704 2045 nomen
717 1978 780 2047 hili,

113 2051 154 2101 Te
181 2048 253 2115 aedi,
272 2066 336 2100 cum
349 2050 408 2118 quis
421 2049 543 2106 laeditur
555 2049 632 2114 inde,
648 2057 740 2118 putas.

80 2117 135 2170 Sed
146 2117 215 2174 licet
229 2135 308 2173 arma
321 2118 403 2185 feras,
424 2126 453 2171 et
469 2117 585 2184 vulnera
599 2133 680 2173 seeva
695 2115 828 2181 minam

67 2240 68 2243 ,
114 2189 178 2240 Non
191 2196 287 2240 temen
302 2187 416 2250 efficies,
432 2195 465 2237 ut
476 2187 593 2240 timeare
604 2185 684 2240 mihi.

82 2257 182 2326 Puppis
188 2257 419 2315 ,Achaemeniden
431 2256 547 2308 Graium
560 2256 683 2309 'I'roiena
695 2251 821 2325 recepit:

115 2324 226 2378 Profuit
242 2334 271 2378 et
282 2328 310 2376 M
329 2343 359 2378 so
373 2324 462 2377 Pelias
481 2325 560 2377 hesta
576 2323 650 2378 duci.
667 2351 669 2353 ·
694 2390 697 2391 ⁷
812 2366 820 2381 .

84 2394 217 2466 Confugit
228 2343 371 2447 intertium
383 2390 617 2463 templiaiolat'or
630 2392 668 2448 ed
682 2408 770 2463 erem,
849 2390 851 2395 ’

21 2502 22 2517 r
115 2467 176 2517 Nec
189 2470 286 2533 petere
299 2463 397 2517 offensi
410 2463 533 2535 numinis
546 2462 645 2516 horret
659 2478 751 2531 opem.

21 2576 22 2579 η
83 2533 189 2587 Dixerit
200 2532 255 2585 hoc
269 2532 368 2603 aliquis
379 2541 470 2587 tutum
481 2549 626 2598 nonesse5
644 2531 778 2585 fatemur.

21 2610 23 2621 “
115 2601 171 2655 Sed
185 2618 242 2653 non
252 2619 304 2672 per
318 2601 441 2671 placidas
454 2602 477 2653 it
490 2620 553 2655 mea
565 2601 667 2680 puppis
677 2617 772 2671 eques.

84 2673 155 2725 Tuta
171 2678 270 2740 petent
286 2670 342 2727 alii.
376 2674 500 2725 Fortuna
511 2673 682 2723 misserrima
697 2677 759 2722 tuta
772 2675 828 2730 est;

115 2744 188 2794 Nam
199 2741 285 2808 timor
296 2748 410 2793 eventus
424 2740 570 2794 deterioris
583 2740 671 2795 abest.

75 2809 149 2880 [Qui
159 2808 357 2879 rapiturfetis,
375 2804 443 2878 'quid
454 2820 564 2878 praeter
576 2808 638 2861 fata
648 2801 794 2876 requirat?
811 2800 817 2815 ¹

69 2918 73 2925 .
117 2883 207 2948 Saepe
221 2887 299 2931 creet
313 2878 414 2933 molles
426 2895 523 2946 aspere
536 2877 614 2946 spine
627 2873 723 2943 rosae]

87 2948 138 3012 Qui
149 2947 263 3028 rapitur
274 2942 422 3017 spumente
436 2947 504 3014 salo,
522 2964 572 3000 sua
586 2944 702 2998 brachie
717 2941 794 2994 cauti

117 3017 248 3088 Porrigit,
267 3025 295 3069 et
306 3016 398 3086 spinas
411 3015 534 3086 duraque
547 3033 613 3068 saxa
625 3013 707 3134 capit.
725 3062 729 3071 ,

88 3086 257 3156 Accipitrem
271 3095 398 3139 metuens
410 3086 506 3154 pennis
518 3083 662 3154 tripidanti
682 3098 714 3134 us
727 3078 785 3132 ales

120 3153 261 3208 Audeted
272 3156 408 3213 humanos
423 3154 496 3206 fessa
510 3153 605 3205 venire
620 3152 703 3205 sinus.

89 3225 146 3278 Nec
160 3241 188 3277 se
202 3224 295 3281 vicino
309 3224 418 3277 dubitat
430 3223 607 3275 committere
619 3229 706 3286 tecto,
804 3270 807 3276 ,

122 3297 200 3359 Quae
211 3293 286 3365 fugit
296 3293 413 3345 infestos
426 3291 524 3344 territa
541 3309 622 3344 cerva
636 3302 728 3345 onnes.
748 3342 749 3345 ,

90 3362 140 3430 Da,
154 3379 267 3433 precor,
284 3379 428 3417 accessum
439 3360 571 3430 lacrimis,
588 3358 742 3427 mitissime,
755 3357 879 3411 nostris:

134 3472 208 3513 ovio.
228 3459 280 3513 111.
323 3460 326 3467 '
365 3502 369 3511 ,
811 3451 838 3503 Χ
