2334 3842
343 246 587 305 atsto-uvat
608 249 689 303 LIB.
712 251 759 303 111.

106 389 331 447 Accessit'titalis
349 393 517 462 pontificalis
533 392 630 448 bonos.
646 426 649 431 -
667 403 681 453 ἵ

65 465 186 536 Ignibus
197 463 317 515 aeternis
330 463 435 514 aeterni
452 463 568 533 numina
586 472 719 532 praesunt

105 534 240 586 Caesaris.
274 532 385 601 Imperii
398 532 518 602 pignora
526 533 623 585 iuncta
634 533 719 587 vides.

65 605 111 656 De
124 603 228 655 veteris
238 602 339 654 Troiae
353 602 511 672 dignissima
529 603 633 671 praeda
649 603 756 671 favilla,

106 676 170 736 Qua
180 671 272 742 gravis
287 676 391 725 Aeneas
401 681 477 723 tutus
496 672 531 727 ah
546 672 624 725 hosta
638 672 708 736 fuit;

5 786 6 793 ,
67 745 155 794 Ortus
176 741 212 792 ab
230 744 323 793 Aenea
338 741 431 810 tangit
443 750 562 810 cognata
579 741 710 794 sacerdos

104 808 243 873 Numina;
270 819 430 881 cognatum,
453 816 546 877 Vesta,
569 820 651 863 tuere
664 820 757 879 caput.

66 884 149 946 Quos
167 887 264 931 sancta
281 880 359 931 fovet
373 879 422 931 ille
438 897 533 942 manu,
551 880 624 933 bene
641 881 831 952 vivitisignes.
885 928 886 933 ,

104 949 197 1003 Vivite
211 948 379 1016 inexstincti,
403 949 585 1020 flammaque,
609 953 733 1020 Duxque,
756 967 867 1021 precor.

5 1040 7 1057 ’
65 1034 147 1107 Una
158 1058 228 1102 nota
241 1059 282 1102 est
298 1050 397 1103 Martis
412 1052 512 1104 Nonis:
534 1060 643 1103 sacrata
660 1052 805 1121 quod-illis

105 1118 224 1188 Templa
238 1129 340 1189 putant
356 1120 434 1173 lucos
445 1121 553 1173 Veiovis
572 1130 637 1173 ante
652 1121 730 1176 duos.

65 1188 208 1243 Romulus
222 1199 253 1240 ut
267 1204 331 1241 saxo
347 1190 443 1243 locum
458 1190 731 1256 circumdedisalt03
812 1210 813 1213 ¹

106 1256 240 1326 Quilibet,
258 1261 327 1325 Huc,
345 1260 445 1329 inquit,
460 1259 592 1331 confuge,
611 1269 688 1311 tutus
702 1261 767 1316 eris.
859 1312 862 1320 ,

5 1388 6 1399 ¹
65 1332 93 1380 0
108 1344 195 1396 quam
209 1329 245 1380 de
256 1330 333 1381 tenui
346 1331 487 1380 Romanus
510 1329 618 1410 origine
632 1328 733 1382 crevit!
772 1348 775 1352 ·

103 1397 201 1448 Turba
212 1407 290 1449 vetus
305 1415 389 1466 quam
404 1415 460 1449 non
472 1399 609 1449 invidiosa
625 1398 698 1449 fuit!

65 1469 112 1520 Na
128 1475 224 1518 tamen
235 1464 333 1537 ig'naro
350 1466 458 1519 novitas
478 1467 529 1523 tihi
546 1467 669 1519 nominis
684 1467 790 1534 obstet,

5 1584 7 1589 .
105 1536 196 1600 Disce,
217 1538 278 1605 quis
289 1537 340 1587 iste
357 1536 431 1601 daus,
451 1554 537 1588 curva
553 1546 672 1588 vocetur
689 1537 737 1589 ita.

5 1616 6 1657 t
64 1605 177 1674 Iupiter
187 1614 233 1675 ,est
245 1606 363 1658 iuvenis:
382 1605 514 1657 iuveniles
532 1606 646 1674 adspice
659 1605 761 1658 vultus.

5 1672 7 1691 ⁵
104 1672 224 1742 Adspice
240 1674 344 1726 deinde*
352 1691 480 1728 manum:
504 1672 626 1726 fulmina
643 1674 722 1726 nulla
741 1684 828 1728 tenet.
846 1691 848 1696 ’
916 1731 919 1737 ,

5 1768 6 1775 ¹
65 1741 209 1809 Fannius,
244 1751 308 1812 post
321 1760 402 1795 ausos
416 1744 528 1796 eoelum
546 1746 679 1796 affectare
695 1744 837 1815 Gigantas,

104 1815 205 1863 sumta
219 1813 291 1867 Iovi:
315 1812 408 1882 primo
421 1821 550 1882 ternpore
560 1812 675 1865 inermis
694 1823 763 1868 erat.

64 1882 184 1951 Ignibus
197 1885 264 1949 Ossa
276 1883 367 1945 novis,
388 1891 416 1933 et
435 1883 530 1934 Pelion
554 1883 638 1935 altior
656 1886 721 1934 Ossa

104 1950 188 2016 Arsit,
208 1960 237 2003 et
255 1951 285 2003 iu
302 1951 391 2003 solida
404 1951 473 2003 fixus
496 1952 628 2020 Olympus
642 1952 738 2005 humo.

65 2023 132 2073 Stat
145 2020 257 2089 quo'que
271 2037 356 2089 capra
371 2021 466 2079 simul:
496 2021 640 2090 Nymphae
652 2023 760 2091 pavisse
776 2020 909 2075 feruntur
971 2074 974 2085 ,

5 2102 18 2147 g
105 2089 244 2144 Oretides:
261 2089 362 2142 infanti
377 2089 421 2141 lac
436 2089 512 2142 dedit
524 2090 573 2142 illa
594 2090 661 2143 Iovi.

65 2160 152 2212 Nunc
165 2176 254 2221 vocor
264 2158 300 2210 ad
311 2176 423 2218 nomen.
456 2159 617 2230 vegrandia
631 2158 709 2211 farra
723 2158 827 2231 coloni,

5 2230 6 2239 ’
106 2232 184 2291 Quae
199 2226 443 2293 malecreverurit,
460 2246 598 2298 vescaque
618 2245 704 2295 parva
720 2236 831 2282 vocant.
904 2240 905 2245 ’
946 2232 948 2239 “

5 2308 7 2371 ζ
65 2296 117 2352 Vis
130 2313 163 2348 ea
177 2297 199 2348 si
213 2297 362 2360 verbi>est5
394 2315 446 2350 cur
462 2315 520 2349 non
533 2315 585 2368 ego
602 2297 712 2350 veiovis
726 2297 825 2350 aedem

5 2420 6 2433 ,
104 2364 211 2417 Aedem
225 2385 284 2419 nou
304 2368 400 2437 magni
412 2367 536 2436 suspicer
550 2384 609 2419 esse
623 2365 715 2418 Iovis?

5 2438 6 2483 ἶ
64 2439 193 2504 Iamque,
215 2436 265 2489 ubi
278 2437 441 2489 coeruletun
453 2437 601 2493 variabunt
614 2436 706 2488 sidera
727 2435 848 2505 coelum,

5 2506 7 2525 '
105 2505 234 2572 Suspice:
262 2506 404 2576 Gorgonei
416 2505 489 2558 colla
504 2504 610 2558 videbis
625 2505 700 2574 equi.

66 2573 199 2641 Creditur
214 2575 262 2626 hic
279 2592 377 2628 caesae
389 2575 504 2647 gravida
517 2575 627 2629 cervice
640 2575 771 2628 Medusae

104 2646 244 2713 Sanguine
257 2645 390 2712 respersis
401 2644 560 2714 prosiluisse
572 2643 653 2697 iubis.
806 2644 807 2647 ’

65 2713 142 2764 Huic
158 2729 242 2781 supra
256 2714 344 2765 nubes
363 2723 391 2765 et
405 2715 503 2766 subter
513 2714 607 2766 sidera
622 2713 701 2781 lapso

46 2822 52 2833 .
104 2781 221 2834 eoelum
240 2799 292 2848 pro
314 2791 400 2848 terra,
425 2800 477 2855 pro
495 2783 567 2852 pede
582 2780 674 2852 penna
685 2781 752 2853 fuit.

66 2853 187 2919 Iamque
200 2851 356 2922 indignanti
362 2870 442 2903 ¹nova
457 2853 540 2904 frena
557 2860 707 2919 receperat
727 2867 786 2917 ore,
828 2868 831 2877 ’

104 2921 174 2971 Cum
191 2920 261 2972 levis
284 2921 384 2972 Aonias
398 2923 503 2992 ungula
517 2921 591 2977 fodit
608 2937 702 2990 aquas.
769 2915 771 2925 ’
806 2920 809 2925 ’

65 2986 153 3042 Nunc
162 2990 267 3059 fruitur
280 2990 369 3052 coelo,
394 2992 469 3060 quod
481 2992 578 3060 pennis
592 2999 657 3040 ante
673 2989 801 3058 petebat:

103 3061 140 3110 Et
154 3059 257 3111 nitidus
270 3059 357 3113 stellis
374 3060 496 3131 quinque
518 3061 673 3128 decemque
691 3058 788 3112 micat.

64 3138 210 3215 Protinus
228 3162 364 3283 “df-istm
377 3163 499 3215 venienti
514 3172 598 3215 nocte
613 3164 752 3217 Coronam

105 3230 237 3287 Gnosida.
300 3249 363 3287 eseo
381 3233 496 3285 crimine
514 3232 590 3284 facta
605 3233 657 3284 dea
676 3242 726 3289 est,

65 3305 128 3355 Iam
143 3300 216 3351 bane
227 3301 341 3369 periuro
361 3311 487 3354 mutarat
497 3302 616 3371 coniuge
630 3303 779 3368 Bacchum,
801 3350 802 3355 ,

103 3374 185 3436 Quae
199 3369 276 3422 dedit
290 3370 402 3442 ingrato
412 3371 464 3427 fila
479 3371 600 3442 legenda
617 3370 686 3424 viro.
