2334 3842
337 239 594 305 russonum
613 214 750 297 nisit}
819 203 864 283 {3⁴
883 196 1044 308 hifl‘o'ti?

71 387 142 441 Ritus
157 386 212 440 erit
222 386 333 452 veteris,
350 394 490 439 nocturna
504 385 643 454 lemnus,
660 386 749 451 sacrm

100 458 217 509 Inferias
228 456 329 508 tacitas
344 456 470 509 Manibus
483 456 532 508 illa
545 456 659 510 dabunt.

70 529 159 579 Annus
174 525 372 590 eretbrevior;
389 543 443 577 nec
460 525 551 578 adhuc
564 527 611 594 pia
626 527 727 580 februa
739 534 855 583 ament:
938 542 942 549 '

99 599 157 648 Nec
170 604 203 646 tu
215 595 270 649 dux
282 609 420 659 mensum,
438 599 504 647 Iane
516 595 653 660 biformis,
672 614 741 653 eras.

69 666 121 716 lam
131 674 230 717 tamen
243 665 379 717 exstincto
395 665 485 716 cineri
498 681 548 716 sua
560 665 635 718 dona
648 665 792 733 ferebant3
967 668 1019 724 425

100 733 308 804 compositique
320 749 406 803 nepos
420 733 606 802 bustapiabat
617 733 670 787 avi.

69 803 164 855 Mensis
178 811 239 855 erat
251 803 347 868 Maius,
364 803 506 855 maionem
518 803 633 855 nomine
648 803 747 870 dictus,

100 873 152 936 Qui
164 871 376 940 partemptisci
389 889 465 923 amic
478 888 592 942 quoqne
607 873 694 925 morie
707 873 800 927 habet.

70 944 123 994 Nox
137 941 190 994 ubi
200 941 258 993 iam
271 939 428 1006 mediaest,
446 957 602 1010 somnoque
617 941 728 995 silentia
740 942 867 1012 praeiret,
937 988 940 995 ,

98 1014 128 1062 Et
141 1011 228 1077 canis,
246 1018 276 1061 et
286 1010 379 1062 variae
395 1010 567 1063 conticuistis
580 1027 660 1074 ποις
966 1008 1019 1068 430

70 1079 113 1131 Ille
127 1095 240 1132 memor
254 1079 356 1132 veteris
368 1079 445 1144 ritus,
464 1078 634 1149 timidusque
647 1080 775 1146 deorum,

100 1148 210 1219 Surgit:
228 1148 333 1201 habent
348 1146 455 1227 gemini
469 1148 583 1200 vincula
599 1149 679 1201 nulla
689 1150 783 1218 pedes.

69 1216 201 1287 Signaque
213 1216 262 1269 dat
276 1217 368 1287 digitu
382 1216 475 1268 medio
491 1234 557 1269 cum
566 1217 671 1295 pollice
686 1219 804 1282 iunctim

98 1290 217 1338 occurat
227 1289 312 1338 tacito
326 1301 363 1338 ne
375 1285 444 1337 levis
453 1286 556 1338 umbra
570 1286 632 1341 sibi.

68 1353 169 1425 Terque
182 1371 282 1407 manus
295 1371 380 1424 puras
393 1354 511 1406 fontana
523 1354 630 1424 perluit
642 1356 734 1421 uuda3

96 1424 227 1489 Vertitur,
246 1432 274 1476 et
285 1424 381 1495 nigras
394 1422 497 1492 accipit
513 1440 564 1476 ore
575 1424 664 1478 fabas.

67 1495 231 1562 lversnsque
244 1492 325 1546 iacit:
343 1492 392 1544 sed
411 1492 480 1544 dum
491 1492 569 1562 iacit,
587 1496 692 1547 Haece
712 1512 729 1547 o
743 1493 842 1558 mitto3

29 1586 30 1631 3
97 1563 151 1628 llis,
167 1562 268 1632 inquit,
286 1561 395 1614 redimo
406 1578 509 1631 meque
525 1579 659 1632 meosque
672 1565 700 1616 fa
722 1564 753 1616 is.

29 1644 30 1699 ζ
67 1632 121 1683 Hoc
134 1632 228 1683 novies
243 1631 320 1696 dicit,
339 1648 393 1684 nee
405 1631 537 1699 respicit.
572 1633 808 1703 Umbraputatur

29 1710 30 1719 ¹
97 1701 241 1772 Colligere,
262 1709 291 1752 et
303 1700 383 1752 nullo
395 1709 477 1770 terga
489 1699 601 1753 vidente
614 1702 702 1772 requi.
961 1696 1014 1752 440

29 1782 30 1839 j
66 1769 278 1839 lirususaquam
292 1769 391 1838 mugit,
408 1771 616 1840 Temesacaque
633 1778 786 1843 concrepet
798 1784 881 1823 aera:
973 1772 981 1777 ’

95 1841 128 1889 Et
149 1848 240 1920 rogat.
257 1847 290 1889 ut
301 1838 384 1889 tectis
397 1847 477 1891 exeat
489 1839 591 1891 umbra
604 1841 669 1895 suis.

68 1906 128 1958 dum
141 1907 208 1960 dixu
221 1907 327 1972 novies,
343 1909 437 1961 Manes
449 1908 523 1959 exite
534 1909 662 1975 paterni3

29 1994 30 1997 ¹
96 1976 224 2046 Respicit,
243 1984 273 2028 et
283 1992 355 2044 pure
366 1990 448 2029 sacra
461 1986 578 2046 peracta
593 1987 681 2047 putat.

29 2068 30 2123 ἑ
66 2043 139 2097 Dicta
151 2047 186 2097 sit
202 2045 277 2097 unde
288 2044 356 2109 dias,
375 2045 579 2114 qimenominis
594 2056 667 2099 extet
679 2047 769 2119 origo,
960 2039 1012 2096 445
1102 2042 1105 2051 '

29 2152 30 2159 κ
96 2116 137 2166 Me
147 2115 231 2184 fugit.
265 2117 304 2165 Ex
316 2113 410 2183 aliquo
425 2123 467 2175 est
479 2114 646 2168 invenienda
657 2116 719 2169 deo.
999 2134 1001 2138 ·

29 2214 30 2217 =
66 2181 150 2236 Pliade
159 2192 236 2247 nate,
252 2198 347 2247 moue,
362 2182 442 2262 virga
454 2183 613 2237 venerande
626 2182 752 2254 potenti:

29 2272 30 2309 t
96 2256 176 2322 Saepe
187 2253 239 2305 tibi
252 2252 340 2322 stygii
353 2267 432 2332 regna
444 2252 504 2304 visa
515 2251 596 2306 locist

67 2319 139 2372 Venit
152 2323 284 2374 adoratus
297 2321 453 2375 Caducifer.
487 2321 591 2389 Accipe
612 2337 724 2373 causam

95 2391 227 2443 Nominis:
246 2406 280 2443 ex
292 2390 353 2460 ipso
368 2390 482 2461 cognita
496 2407 578 2442 causa
591 2390 643 2443 deo
658 2399 708 2443 est.
907 2394 912 2400 ⁴
957 2385 1009 2441 450

29 2492 30 2507 2
67 2456 188 2513 Romulus
200 2469 233 2512 ut
245 2459 354 2512 tumulo
365 2459 505 2512 frames
521 2459 648 2512 condidit
662 2460 785 2527 mithres,

92 2521 125 2580 'u
138 2529 211 2582 male
223 2529 317 2581 veloci
330 2528 405 2580 iusta
419 2528 510 2582 soluta
523 2531 628 2593 Rem03

67 2593 197 2650 Fauouus
212 2598 319 2663 infelix,
338 2605 366 2649 et
378 2598 465 2667 passis
478 2602 553 2650 Acca
568 2598 678 2667 capillis

96 2667 260 2738 spargebant
268 2667 393 2719 lacrimis
405 2683 467 2719 ossa
477 2677 591 2737 perusta
604 2669 668 2719 suis.

29 2762 30 2765 =
68 2732 124 2787 lude
138 2737 252 2789 domum
264 2736 383 2788 redeunt
396 2736 447 2789 sub
460 2737 552 2805 prima
565 2734 731 2806 crepuscula
740 2708 871 2799 'montis
953 2729 1006 2787 455

96 2806 179 2876 thue
197 2814 268 2872 eret,
285 2805 316 2857 in
329 2804 401 2856 duro
414 2806 592 2885 procubuere
603 2815 677 2858 toro.
729 2840 732 2847 ·
760 2856 766 2865 ,
839 2844 841 2855 ,

69 2871 161 2926 Umbra
171 2883 290 2927 cruente
302 2875 382 2926 Remi
395 2892 454 2926 rasa
468 2883 509 2926 est
522 2876 650 2926 assistere
666 2873 751 2941 lecto,
823 2902 825 2906 ·

96 2945 178 3012 Atque
189 2944 259 2995 haec
272 2943 371 3014 exiguo
383 2960 527 2995 uuumme
541 2944 629 2995 verba
640 2942 734 3010 loqui;
777 2965 783 2976 ·

68 3008 160 3082 Enego
176 3012 323 3064 dimidium
335 3012 420 3064 vestri
430 3029 551 3081 parsque
561 3012 651 3063 altera
662 3011 731 3078 voti,
777 3026 780 3033 ·
819 3023 822 3030 ’
1017 3061 1024 3068 ,

96 3078 204 3147 esraite,
221 3081 274 3132 sim
328 3081 394 3144 alis3
413 3082 462 3149 qui
475 3080 561 3132 modo
575 3079 665 3149 qualis
677 3081 792 3133 eraml.
946 3080 1000 3136 460

29 3156 30 3159 ’
69 3144 114 3207 Qui
123 3149 214 3214 modo,
230 3151 254 3203 si
267 3167 301 3202 vo
313 3166 393 3202 nores
404 3150 561 3201 habuissem
573 3165 662 3219 regna
674 3148 812 3217 iubentes,

96 3217 123 3266 ln
132 3219 233 3286 populo
246 3219 327 3288 potui
336 3219 472 3270 maximus
485 3235 543 3271 esse
555 3234 630 3272 meo.

68 3279 137 3337 Nunc
149 3287 240 3356 elapsa
252 3286 459 3356 sugillantium,
479 3295 508 3338 et
520 3286 609 3338 inanis
621 3287 725 3361 imago.
766 3356 780 3363 Η

29 3396 30 3421 p
96 3353 162 3409 Haec
175 3365 216 3410 eet
229 3374 262 3410 ex
275 3357 325 3413 illo
336 3356 432 3410 forna
444 3355 544 3410 relicta
556 3359 656 3412 Remo.
