2334 3842
262 266 483 366 multtum
503 268 588 322 Llli.
610 268 643 325 V,
673 264 737 323 ΕΒ
757 269 818 324 xlt.
951 267 1016 335 Ν

340 380 753 507 nunotaxu'
863 438 865 445 ν

56 510 177 607 Scribis
190 557 222 604 ut
233 552 374 607 oblectem
388 551 480 605 stadio
492 549 667 604 lacrimabile
681 524 802 622 tempus,

90 623 135 673 Ne
170 632 267 674 ercam
280 632 312 674 tu
345 623 355 674 i
369 631 486 693 pectora
498 630 594 673 nostra
606 621 671 675 situ.
856 638 859 643 ‘

54 689 245 757 Diffic'eeat,
263 709 319 762 quo
345 691 476 758 ,amice,
494 707 607 743 mones:
627 689 946 760 quiacarminalaetno
1005 760 1008 765 ,
1113 729 1118 740 .

90 763 164 813 Sunt
177 776 260 828 opus,
280 770 308 813 ct
318 777 418 831 pacem
433 761 534 812 mentis
543 759 650 811 habere
664 760 772 815 volunt.

55 828 161 881 Nostra
172 845 224 899 par
237 829 472 901 adversasagitur
484 832 609 881 Fortuna
620 829 773 897 procellat:
997 832 1015 886 ⁵

90 901 177 951 Sorte
186 915 239 951 nac
252 899 310 952 ulla
321 916 385 952 mea
397 900 505 952 tristior
517 914 576 951 ease
588 905 691 967 potest.
986 905 990 911 ”

55 966 162 1038 Exigis,
180 976 212 1019 ut
222 965 346 1021 Priamus
358 978 489 1021 natorum
503 967 604 1021 iuuere
615 966 705 1035 ludat,

88 1039 124 1088 Et
136 1036 226 1089 Niobe
241 1038 326 1090 festos
338 1037 422 1091 ducat
435 1046 467 1089 ut
479 1037 548 1089 orba
560 1037 670 1090 choros.
710 1052 711 1057 ¹

55 1105 208 1172 Luctibus,
225 1124 259 1159 an
275 1107 366 1160 studio
381 1107 477 1159 videor
492 1106 594 1158 debere
609 1104 712 1172 teneri,
947 1162 951 1176 ,

44 1196 51 1205 ·
89 1174 172 1226 Solus
191 1176 220 1227 in
239 1185 377 1230 extremos
387 1177 478 1228 iussus
494 1175 572 1227 abire
587 1174 690 1226 Getas?
982 1179 1016 1233 10

55 1244 110 1296 Des
123 1243 195 1296 licet
207 1244 255 1299 bic
267 1244 359 1297 valido
374 1254 471 1313 pectus
485 1245 554 1296 mibi
567 1244 670 1297 robore
684 1240 799 1314 fultum,
991 1254 994 1261 “

90 1313 179 1365 Fama
192 1314 282 1366 refert
294 1314 377 1383 Anyti
389 1314 472 1384 quale
485 1313 569 1365 fuisse
582 1330 649 1375 re03
710 1326 712 1333 ¹

55 1383 158 1434 Fracta
170 1383 252 1435 cadet
262 1391 358 1435 tantae
368 1383 502 1451 sapientia
515 1382 591 1435 mole
605 1382 712 1438 ruinae.

88 1451 154 1504 Plus
166 1453 242 1504 valet
253 1452 382 1505 humanis
394 1453 498 1505 viribus
513 1451 557 1504 ira
569 1450 623 1506 dei.
677 1452 679 1457 ⁴

56 1517 215 1589 mesenen,
234 1520 324 1574 dictur
336 1522 444 1592 sapiens
459 1523 494 1574 ab
508 1517 651 1591 Apolline,
668 1519 778 1573 nullum
893 1565 897 1570 .
937 1522 944 1567 .'
982 1530 1015 1584 15

90 1589 221 1642 Scribere
229 1591 258 1642 in
271 1592 326 1644 hoc
338 1607 404 1644 casu
417 1592 588 1644 sustinuisset
599 1607 676 1659 opus.
717 1608 719 1613 ’

57 1660 92 1711 Ut
105 1659 217 1728 patriae
227 1661 354 1729 veniant,
372 1663 485 1715 veniant
502 1660 605 1713 oblivia
616 1660 717 1724 vastri3
784 1704 786 1707 ,

89 1728 194 1780 Omnia
211 1739 243 1780 ut
256 1730 372 1782 admissi
381 1747 477 1783 sensus
490 1731 587 1783 abesee
602 1737 702 1809 queat3

56 1799 90 1850 At
101 1797 193 1850 timor.
202 1798 296 1852 officio
309 1800 391 1870 fungi
405 1809 482 1852 vetat
494 1800 553 1868 ipae
611 1806 677 1854 leto.

89 1866 203 1919 cinctus
217 1868 252 1927 ab
267 1869 415 1922 innumero
430 1887 476 1922 me
488 1878 566 1922 tenet
599 1877 658 1920 oste
669 1867 757 1923 locus.
870 1908 873 1915 .
979 1875 1016 1933 20

57 1934 152 2002 Adde,
171 1936 246 2006 quod
259 1936 405 2010 ingenium
416 1939 502 2010 longa
520 1938 649 2008 rubigine
662 1937 771 1990 laesum
993 1948 997 1957 “

87 2006 209 2075 Tol-pet:
230 2014 257 2058 et
264 2018 311 2060 'est
322 2008 429 2076 multo,
449 2026 534 2078 qaam
545 2006 600 2059 fuit
610 2010 692 2072 ante,'
702 2008 803 2061 minut·
885 2020 888 2025 ’

57 2074 180 2135 Fertilis,
196 2072 306 2131 assidam
318 2078 342 2128 si
354 2092 412 2129 non
428 2086 577 2130 renovetur
590 2084 695 2141 aratro,

90 2143 152 2212 Nil,
169 2145 222 2196 nisi
236 2162 302 2197 cum
314 2147 398 2215 spinis
414 2160 543 2217 graman,
561 2144 677 2196 habebit
688 2159 764 2214 ager.
956 2207 959 2212 ,

58 2211 194 2282 Tempore
212 2214 261 2283 qui
272 2214 358 2286 longo
370 2216 490 2284 steterit,
507 2214 581 2266 male
597 2222 708 2282 curret,
727 2220 755 2264 et
766 2210 841 2266 inter
979 2218 1015 2274 25

91 2282 255 2335 Carceribus
272 2285 369 2335 missos
385 2283 501 2336 ultimus
518 2280 571 2336 ibit
585 2299 678 2352 equos.

59 2349 186 2403 Vertitur
196 2353 226 2403 in
241 2361 370 2405 teneram
382 2352 655 2421 cariem,=rimisque
663 2349 797 2420 ‚dehiscit

91 2420 119 2472 si
137 2438 193 2490 qua
211 2421 258 2472 diu
275 2423 364 2474 solitis
381 2423 473 2475 cimba
489 2422 600 2476 vacarit
616 2421 703 2490 aquis.

59 2488 102 2539 bie
119 2504 232 2559 quoque
250 2491 381 2560 despero,
399 2488 502 2544 fuerim
520 2509 586 2544 cum
603 2506 706 2560 parvus
724 2498 754 2542 et
769 2498 842 2558 ante,

92 2557 149 2626 Illi,
168 2559 361 2629 qui-ineram,
378 2578 459 2629 possa
475 2562 569 2614 redire
581 2574 688 2630 parem.

60 2626 180 2679 Contulit
196 2628 340 2699 ingenium
356 2631 492 2699 patientia
507 2631 593 2703 longa
610 2630 755 2681 laborum:

91 2698 125 2747 Et
141 2714 206 2766 pars
224 2699 331 2768 antiqui
348 2714 451 2771 magna
468 2700 570 2771 vigoris
590 2699 678 2759 abest,

60 2766 144 2834 Saepe
160 2774 258 2818 tamen
274 2769 370 2837 uobis,
388 2779 420 2821 ut
435 2784 512 2823 nunc
529 2784 659 2840 quoque,
677 2776 770 2820 sumta
780 2763 887 2818 tabella
899 2770 960 2833 trip

92 2837 179 2904 Inque
195 2852 260 2887 sitos
271 2836 348 2889 volui
365 2848 467 2910 cogere
480 2838 566 2892 verba
580 2837 681 2907 pedes:
766 2852 771 2859 ⁷
1021 2852 1023 2857 ⁴

61 2900 186 2955 Carmina
196 2907 300 2974 scripta
315 2907 384 2959 mihi
399 2917 464 2959 sunt
475 2908 563 2973 uulla,
581 2915 631 2958 aut
644 2905 738 3025 <praba
750 2905 850 2972 centia,
980 2906 1014 2963 85

91 2971 181 3044 Digna
201 2974 244 3026 sui
263 2975 369 3028 domini
385 2985 532 3046 tempore,
551 2976 578 3027 di
619 2991 636 3026 a
666 2988 728 3027 oco.

60 3039 184 3112 Denique
198 3059 257 3095 non
274 3061 371 3111 parvas
388 3047 482 3098 auimo
501 3046 550 3098 dat
566 3045 657 3116 gorio
673 3043 761 3108 vireat

92 3111 125 3161 Et
140 3112 263 3176 fecunda
280 3113 350 3166 iacit
366 3124 483 3184 pectora
499 3115 589 3167 laudis
606 3129 695 3166 amor.

60 3176 181 3232 Nominis
200 3190 229 3233 et
243 3181 339 3251 ¹intutus
357 3185 497 3253 quondam
513 3184 628 3257 fulgore
646 3180 788 3250 trahebar,

93 3248 165 3301 Dum
181 3249 248 3302 tulit
264 3261 398 3304 antennas
416 3270 483 3306 aura
499 3253 621 3307 secunda
637 3268 722 3306 meas.
978 3252 1015 3309 40

61 3315 121 3368 Non
138 3319 210 3372 adeo
223 3329 269 3372 est
285 3323 357 3374 bene
374 3339 464 3388 nunc,
481 3331 514 3375 ut
529 3323 565 3375 sit
581 3320 652 3374 mihi
669 3320 760 3393 gloria
776 3333 876 3374 curae:
948 3316 951 3327 “

94 3387 120 3439 Si
135 3387 228 3457 liceat,
246 3390 317 3444 nulli
329 3392 458 3463 cognitus
470 3407 529 3446 etta
545 3391 640 3453 velim.
