2334 3842
103 254 264 338 amar.
285 281 341 334 cx
360 277 513 336 rouro
534 277 619 332 mn.
639 279 686 332 m.
707 278 770 334 rr.
791 277 854 334 xu.
875 277 950 333 xm.
971 275 1036 343 295

114 427 155 478 Ne
171 433 282 495 sperata
296 441 390 478 meam
404 421 597 475 deserat'aura
608 431 708 477 ratem.

80 495 154 559 Quid
166 493 313 559 mandem,
332 493 462 564 quaeris?
476 509 610 561 peream,
627 492 680 544 nisi
696 490 790 548 dicare
801 493 846 547 rix
861 501 916 557 est3

115 563 256 629 simodo,
276 563 323 633 qui
336 563 434 632 pariit,
449 561 497 613 ille
511 563 605 630 perire
617 570 717 629 potest.

78 635 155 698 Neo,
174 632 241 703 quid
253 649 349 702 agam,
367 631 494 697 invenio,
510 646 563 682 nec
577 630 645 701 quid
658 630 782 684 nolimve
793 629 926 685 velimre:
1003 629 1038 687 45

114 703 173 754 Nec
186 700 251 753 satis
262 701 368 753 utilitas
380 709 421 752 est
432 716 495 751 mea
510 708 577 750 nota
589 699 668 754 mihi.
952 747 954 750 ,

80 771 169 825 crede
182 770 264 834 mihi;
282 769 397 821 miseros
412 768 559 838 prudentia
572 768 664 837 prima
676 768 823 841 relinquit:
861 765 866 778 '

114 842 149 891 Et
162 855 257 892 sensus
269 855 334 891 cum
345 855 377 891 re
387 837 590 917 consiliumque
603 836 685 915 fugit.

79 913 157 980 Ipse,
175 923 290 977 precor,
308 924 439 977 quaeras,
495 922 513 957 a
525 922 579 964 sim
592 906 644 958 tibi
659 915 740 975 parte
753 903 903 962 iurandus:

116 981 233 1048 Quoque
244 976 320 1030 viam
333 977 419 1030 facias
437 994 454 1030 a
515 991 548 1026 ea
559 982 625 1027 vota
637 976 718 1031 vado.
952 987 956 994 '

313 1145 678 1216 EPISTOLA
724 1144 812 1217 XIII.

461 1267 660 1319 ciro.

70 1349 121 1440 Ὀ
138 1384 208 1438 mihi
221 1401 278 1437 non
293 1383 391 1438 dubios
405 1384 480 1438 iuter
490 1384 674 1439 memorande
686 1384 803 1452 sodales,

125 1455 251 1525 Quique,
270 1454 345 1535 quod
359 1470 403 1522 es,
420 1471 502 1519 vere,
520 1457 605 1522 Care,
620 1455 742 1517 vocaris3
761 1470 822 1507 ave.

79 1524 163 1578 Unde
176 1524 318 1591 saluteris,
336 1522 416 1575 color
427 1523 474 1576 hic
487 1524 539 1577 tihi
550 1525 678 1592 protinus
688 1523 783 1591 iudex,

116 1597 152 1645 Et
164 1602 304 1645 structura
317 1592 374 1643 mei
389 1593 520 1646 conuiuis
535 1610 594 1646 esse
610 1600 710 1661 potest.

79 1664 146 1717 Non
159 1661 224 1731 quia
237 1661 357 1726 mirifica
369 1670 425 1728 est,
442 1662 491 1714 sed
503 1661 578 1732 quod
592 1677 645 1713 nec
658 1659 771 1731 publica
782 1666 875 1712 certe:
955 1685 957 1692 i

117 1730 214 1795 Qualis
231 1730 304 1782 enim
319 1747 428 1800 cunque
442 1740 499 1795 est,
516 1747 573 1796 uon
588 1729 659 1782 latet
674 1746 732 1782 asse
745 1745 849 1784 meam.
907 1788 912 1796 ,

80 1803 145 1870 Ipse
159 1816 286 1879 quoque,
304 1807 336 1850 ut
351 1800 464 1860 chartae
477 1800 592 1853 titulum
606 1796 885 1864 decantarentur,

118 1868 201 1933 Quod
214 1877 250 1919 stt
264 1885 347 1937 opus,
365 1869 462 1921 videor
474 1869 568 1921 dicere
580 1884 676 1938 posse,
694 1876 784 1922 tuum.

14 1971 16 1974 v
83 1937 247 2005 Quamlibet
258 1936 287 1988 in
299 1936 394 1989 multis
406 1940 510 2018 positus
523 1954 639 1990 noscem
649 1936 766 2006 libellis3

117 2010 226 2075 Perque
238 2006 394 2057 observatas
407 2007 549 2059 inveniere
561 2016 650 2058 notas.

81 2077 207 2130 Prodent
220 2083 364 2126 auctorem
380 2075 466 2140 vires,
485 2092 552 2144 quas
564 2073 681 2127 Hercule
696 2071 793 2143 dignas

117 2143 266 2209 Novimus,
284 2151 368 2213 atque
381 2142 439 2210 illi,
459 2160 544 2212 quem
558 2143 649 2207 canis,
667 2157 726 2193 esse
742 2156 831 2210 pares.

83 2217 118 2268 Et
130 2230 195 2265 mea
207 2214 285 2265 Musa
298 2220 401 2280 potest,
418 2212 533 2281 proprio
547 2213 682 2281 deprensa
695 2210 801 2277 colore,

119 2282 240 2354 Insignis
252 2282 323 2333 vitiis
335 2281 452 2335 forsitan
469 2298 528 2333 esse
540 2281 604 2335 suis.
879 2327 882 2332 4

82 2355 157 2407 Tam
169 2350 245 2402 mola
254 2350 398 2402 Thersiten
410 2349 578 2419 prohibebat
590 2350 683 2402 forma
694 2347 793 2417 latere,

120 2425 213 2485 Quam
222 2419 320 2488 pulcra
329 2421 427 2471 Nireus
439 2420 650 2488 conspiciendus
662 2426 731 2473 erat.

84 2492 187 2545 Necte
199 2489 308 2554 mirari,
325 2489 348 2540 si
358 2489 414 2542 sint
424 2488 536 2551 vitiosa,
554 2488 665 2541 decebit

121 2559 266 2626 Carmina,
284 2574 355 2628 quae
362 2555 470 2610 daciam
481 2574 569 2627 paene
580 2560 666 2626 po'e'ta
676 2559 768 2611 Getes.

84 2629 128 2682 Ah
142 2626 242 2697 pudet!
262 2635 290 2678 et
301 2626 398 2679 Getico
411 2627 508 2695 scripsi
520 2643 648 2679 sermone
660 2626 802 2679 libellum:

120 2702 289 2764 structaque
302 2703 366 2747 sunt
378 2697 480 2748 nostris
493 2696 613 2749 barbara
626 2696 712 2748 verba
725 2694 826 2748 modis.

86 2769 121 2820 Et
132 2764 241 2835 placui,
260 2772 372 2840 gratare
385 2765 468 2831 milti,
487 2766 622 2834 coepique
634 2767 736 2832 poetae

120 2838 201 2889 Inter
212 2832 378 2886 inhumanos
391 2850 494 2886 nomen
506 2833 611 2886 hahere
624 2835 717 2886 Getas.
774 2855 776 2862 ·

86 2904 237 2960 Materiam
250 2902 378 2971 quaeris?
394 2902 490 2955 laudes
503 2902 538 2955 de
550 2904 666 2954 Caesare
679 2902 743 2955 dixi.
891 2953 892 2962 ,

76 3025 80 3032 ,
122 2973 225 3026 Adiuta
238 2981 278 3023 est
292 2972 400 3024 novitas
412 2972 525 3023 numine
537 2981 632 3024 nostra
646 2969 700 3023 dei.
797 2971 799 2974 ’

87 3045 163 3098 Nam
175 3041 262 3111 patris
276 3039 391 3111 Auguiti
405 3041 489 3104 docui
502 3040 623 3093 mortale
635 3040 721 3091 fuisse

124 3114 244 3180 Corpus3
261 3110 291 3160 in
306 3109 442 3162 aetherias
453 3126 558 3163 numen
572 3109 661 3161 abisse
674 3105 787 3161 domos:
809 3177 811 3179 v

89 3183 156 3236 Esse
169 3195 267 3247 parem
280 3176 382 3230 virtute
395 3180 481 3247 patri,
500 3178 548 3248 qui
561 3178 643 3230 frena
657 3186 771 3230 coactus

125 3254 214 3317 Saepe
224 3248 346 3299 recusati
357 3248 463 3315 ceperit
474 3247 595 3317 imperii.

90 3320 155 3372 Esse
166 3315 332 3387 pudicarum
343 3324 372 3368 te
386 3317 511 3382 Vestam,
528 3316 620 3382 Livia,
635 3322 770 3374 miiitum.

127 3383 297 3459 Ambiguum
311 3393 378 3439 nato
391 3385 515 3457 dignior,
531 3401 603 3438 aune
614 3384 683 3439 viro.
