<?xml version="1.0" encoding="UTF-8"?>
<!DOCTYPE html PUBLIC "-//W3C//DTD XHTML 1.0 Transitional//EN"
    "http://www.w3.org/TR/xhtml1/DTD/xhtml1-transitional.dtd">
<html xmlns="http://www.w3.org/1999/xhtml" xml:lang="en" lang="en">
 <head>
  <title>
</title>
<meta http-equiv="Content-Type" content="text/html;charset=utf-8" />
  <meta name='ocr-system' content='tesseract 3.04.00' />
  <meta name='ocr-capabilities' content='ocr_page ocr_carea ocr_par ocr_line ocrx_word'/>
</head>
<body>
  <div class='ocr_page' id='page_1' title='image "./operaomnia00unkngoog/operaomnia00unkngoog_0127.png"; bbox 0 0 2334 3842; ppageno 0'>
   <div class='ocr_carea' id='block_1_1' title="bbox 294 216 735 336">
    <p class='ocr_par' dir='ltr' id='par_1_1' title="bbox 294 216 735 336">
     <span class='ocr_line' id='line_1_1' title="bbox 294 216 735 336; baseline 0.005 -18"><span class='ocrx_word' id='word_1_1' title='bbox 294 216 547 336; x_wconf 71' lang='lat' dir='ltr'><strong>sessorum</strong></span> <span class='ocrx_word' id='word_1_2' title='bbox 563 264 646 322; x_wconf 81' lang='lat' dir='ltr'><strong>ara.</strong></span> <span class='ocrx_word' id='word_1_3' title='bbox 669 267 735 326; x_wconf 54' lang='lat' dir='ltr'><strong>vn*</strong></span> 
     </span>
    </p>
   </div>
   <div class='ocr_carea' id='block_1_2' title="bbox 29 406 1066 3452">
    <p class='ocr_par' dir='ltr' id='par_1_2' title="bbox 29 406 1066 3452">
     <span class='ocr_line' id='line_1_2' title="bbox 92 406 690 477; baseline 0.007 -18"><span class='ocrx_word' id='word_1_4' title='bbox 92 408 152 459; x_wconf 84' lang='lat' dir='ltr'><strong>Non</strong></span> <span class='ocrx_word' id='word_1_5' title='bbox 165 414 263 459; x_wconf 79' lang='lat' dir='ltr'><strong>tamen</strong></span> <span class='ocrx_word' id='word_1_6' title='bbox 274 406 382 461; x_wconf 85' lang='lat' dir='ltr'><strong>id‘oirco</strong></span> <span class='ocrx_word' id='word_1_7' title='bbox 395 407 601 477; x_wconf 82' lang='lat' dir='ltr'><strong>praetereunda</strong></span> <span class='ocrx_word' id='word_1_8' title='bbox 611 409 690 464; x_wconf 85' lang='lat' dir='ltr'><strong>mihi.</strong></span> 
     </span>
     <span class='ocr_line' id='line_1_3' title="bbox 62 475 748 547; baseline 0.012 -19"><span class='ocrx_word' id='word_1_9' title='bbox 62 476 163 528; x_wconf 81' lang='lat' dir='ltr'><strong>Moenia</strong></span> <span class='ocrx_word' id='word_1_10' title='bbox 175 475 347 529; x_wconf 80' lang='lat' dir='ltr'><strong>Dardanides</strong></span> <span class='ocrx_word' id='word_1_11' title='bbox 360 494 450 547; x_wconf 82' lang='lat' dir='ltr'><strong>nuper</strong></span> <span class='ocrx_word' id='word_1_12' title='bbox 462 488 543 528; x_wconf 83' lang='lat' dir='ltr'><strong>nova&#39;</strong></span> <span class='ocrx_word' id='word_1_13' title='bbox 554 478 665 532; x_wconf 79' lang='lat' dir='ltr'><strong>fecerat</strong></span> <span class='ocrx_word' id='word_1_14' title='bbox 677 479 748 535; x_wconf 85' lang='lat' dir='ltr'><strong>llus:</strong></span> 
     </span>
     <span class='ocr_line' id='line_1_4' title="bbox 90 545 673 618; baseline 0.009 -22"><span class='ocrx_word' id='word_1_15' title='bbox 90 545 142 596; x_wconf 91' lang='lat' dir='ltr'><strong>Ilus</strong></span> <span class='ocrx_word' id='word_1_16' title='bbox 159 545 252 597; x_wconf 86' lang='lat' dir='ltr'><strong>adhuc</strong></span> <span class='ocrx_word' id='word_1_17' title='bbox 271 546 350 598; x_wconf 80' lang='lat' dir='ltr'><strong>Asiae</strong></span> <span class='ocrx_word' id='word_1_18' title='bbox 368 547 442 598; x_wconf 80' lang='lat' dir='ltr'><strong>dives</strong></span> <span class='ocrx_word' id='word_1_19' title='bbox 461 546 583 600; x_wconf 82' lang='lat' dir='ltr'><strong>habebat</strong></span> <span class='ocrx_word' id='word_1_20' title='bbox 598 555 673 618; x_wconf 85' lang='lat' dir='ltr'><strong>opes.</strong></span> 
     </span>
     <span class='ocr_line' id='line_1_5' title="bbox 62 613 760 686; baseline 0.006 -17"><span class='ocrx_word' id='word_1_21' title='bbox 62 613 180 669; x_wconf 77' lang='lat' dir='ltr'><strong>Creditur</strong></span> <span class='ocrx_word' id='word_1_22' title='bbox 191 614 342 668; x_wconf 81' lang='lat' dir='ltr'><strong>armiferae</strong></span> <span class='ocrx_word' id='word_1_23' title='bbox 360 615 472 686; x_wconf 75' lang='lat' dir='ltr'><strong>signum</strong></span> <span class='ocrx_word' id='word_1_24' title='bbox 485 616 606 670; x_wconf 84' lang='lat' dir='ltr'><strong>coeleste</strong></span> <span class='ocrx_word' id='word_1_25' title='bbox 618 619 760 673; x_wconf 78' lang='lat' dir='ltr'><strong>Miriervae</strong></span> 
     </span>
     <span class='ocr_line' id='line_1_6' title="bbox 91 683 673 755; baseline 0.003 -21"><span class='ocrx_word' id='word_1_26' title='bbox 91 683 168 735; x_wconf 84' lang='lat' dir='ltr'>Urbis</span> <span class='ocrx_word' id='word_1_27' title='bbox 185 684 213 734; x_wconf 93' lang='lat' dir='ltr'><strong>in</strong></span> <span class='ocrx_word' id='word_1_28' title='bbox 226 683 328 738; x_wconf 83' lang='lat' dir='ltr'><strong>iliacae</strong></span> <span class='ocrx_word' id='word_1_29' title='bbox 345 684 487 738; x_wconf 84' lang='lat' dir='ltr'><strong>desiluisse</strong></span> <span class='ocrx_word' id='word_1_30' title='bbox 497 686 574 755; x_wconf 83' lang='lat' dir='ltr'><strong>iuga.</strong></span> <span class='ocrx_word' id='word_1_31' title='bbox 671 698 673 703; x_wconf 88' lang='lat'>·</span> 
     </span>
     <span class='ocr_line' id='line_1_7' title="bbox 62 751 779 827; baseline 0.01 -24"><span class='ocrx_word' id='word_1_32' title='bbox 62 751 123 804; x_wconf 82' lang='lat' dir='ltr'><strong>Gara</strong></span> <span class='ocrx_word' id='word_1_33' title='bbox 134 751 231 804; x_wconf 80' lang='lat' dir='ltr'><strong>videre</strong></span> <span class='ocrx_word' id='word_1_34' title='bbox 242 754 309 806; x_wconf 89' lang='lat' dir='ltr'><strong>fuit:</strong></span> <span class='ocrx_word' id='word_1_35' title='bbox 326 754 383 805; x_wconf 86' lang='lat' dir='ltr'><strong>vidi</strong></span> <span class='ocrx_word' id='word_1_36' title='bbox 404 753 597 823; x_wconf 87' lang='lat' dir='ltr'><strong>templumque</strong></span> <span class='ocrx_word' id='word_1_37' title='bbox 616 754 779 827; x_wconf 79' lang='lat' dir='ltr'><strong>locumque.</strong></span> 
     </span>
     <span class='ocr_line' id='line_1_8' title="bbox 89 822 714 891; baseline 0.008 -18"><span class='ocrx_word' id='word_1_38' title='bbox 89 823 146 873; x_wconf 82' lang='lat' dir='ltr'><strong>Hoc</strong></span> <span class='ocrx_word' id='word_1_39' title='bbox 162 832 289 891; x_wconf 75' lang='lat' dir='ltr'>superest</span> <span class='ocrx_word' id='word_1_40' title='bbox 308 822 365 875; x_wconf 84' lang='lat' dir='ltr'><strong>illi:</strong></span> <span class='ocrx_word' id='word_1_41' title='bbox 389 822 503 874; x_wconf 75' lang='lat' dir='ltr'>Pallada</span> <span class='ocrx_word' id='word_1_42' title='bbox 519 825 609 877; x_wconf 85' lang='lat' dir='ltr'><strong>Roma</strong></span> <span class='ocrx_word' id='word_1_43' title='bbox 628 833 714 878; x_wconf 88' lang='lat' dir='ltr'><strong>tenet.</strong></span> 
     </span>
     <span class='ocr_line' id='line_1_9' title="bbox 62 889 788 964; baseline 0.007 -23"><span class='ocrx_word' id='word_1_44' title='bbox 62 889 212 942; x_wconf 74' lang='lat' dir='ltr'><strong>Conmlitur</strong></span> <span class='ocrx_word' id='word_1_45' title='bbox 219 890 393 944; x_wconf 82' lang='lat' dir='ltr'><strong>Smintheus:</strong></span> <span class='ocrx_word' id='word_1_46' title='bbox 410 891 532 961; x_wconf 85' lang='lat' dir='ltr'><strong>lucoque</strong></span> <span class='ocrx_word' id='word_1_47' title='bbox 550 893 685 945; x_wconf 87' lang='lat' dir='ltr'><strong>obscurus</strong></span> <span class='ocrx_word' id='word_1_48' title='bbox 699 911 788 964; x_wconf 78' lang='lat' dir='ltr'><strong>opaoo</strong></span> 
     </span>
     <span class='ocr_line' id='line_1_10' title="bbox 89 959 683 1014; baseline 0.007 -4"><span class='ocrx_word' id='word_1_49' title='bbox 89 961 141 1010; x_wconf 86' lang='lat' dir='ltr'><strong>Hos</strong></span> <span class='ocrx_word' id='word_1_50' title='bbox 157 976 216 1011; x_wconf 88' lang='lat' dir='ltr'><strong>non</strong></span> <span class='ocrx_word' id='word_1_51' title='bbox 241 960 361 1013; x_wconf 84' lang='lat' dir='ltr'><strong>mentito</strong></span> <span class='ocrx_word' id='word_1_52' title='bbox 377 959 500 1013; x_wconf 84' lang='lat' dir='ltr'><strong>reddidit</strong></span> <span class='ocrx_word' id='word_1_53' title='bbox 516 978 566 1013; x_wconf 90' lang='lat' dir='ltr'><strong>ore</strong></span> <span class='ocrx_word' id='word_1_54' title='bbox 582 978 683 1014; x_wconf 88' lang='lat' dir='ltr'><strong>sonos:</strong></span> 
     </span>
     <span class='ocr_line' id='line_1_11' title="bbox 60 1027 750 1091; baseline 0.012 -12"><span class='ocrx_word' id='word_1_55' title='bbox 60 1027 209 1080; x_wconf 78' lang='lat' dir='ltr'><strong>Aetheriam</strong></span> <span class='ocrx_word' id='word_1_56' title='bbox 223 1038 331 1082; x_wconf 85' lang='lat' dir='ltr'><strong>servate</strong></span> <span class='ocrx_word' id='word_1_57' title='bbox 342 1028 439 1091; x_wconf 84' lang='lat' dir='ltr'><strong>deam3</strong></span> <span class='ocrx_word' id='word_1_58' title='bbox 471 1030 616 1082; x_wconf 84' lang='lat' dir='ltr'><strong>servabitis</strong></span> <span class='ocrx_word' id='word_1_59' title='bbox 633 1032 750 1087; x_wconf 83' lang='lat' dir='ltr'><strong>Urbem:</strong></span> 
     </span>
     <span class='ocr_line' id='line_1_12' title="bbox 88 1097 660 1166; baseline 0.01 -18"><span class='ocrx_word' id='word_1_60' title='bbox 88 1098 236 1166; x_wconf 83' lang='lat' dir='ltr'><strong>Imperium</strong></span> <span class='ocrx_word' id='word_1_61' title='bbox 252 1115 347 1152; x_wconf 84' lang='lat' dir='ltr'><strong>secum</strong></span> <span class='ocrx_word' id='word_1_62' title='bbox 364 1097 514 1151; x_wconf 80' lang='lat' dir='ltr'><strong>transferet</strong></span> <span class='ocrx_word' id='word_1_63' title='bbox 531 1098 580 1151; x_wconf 91' lang='lat' dir='ltr'><strong>illa</strong></span> <span class='ocrx_word' id='word_1_64' title='bbox 594 1097 660 1154; x_wconf 87' lang='lat' dir='ltr'><strong>loci.</strong></span> 
     </span>
     <span class='ocr_line' id='line_1_13' title="bbox 60 1165 783 1232; baseline 0.01 -15"><span class='ocrx_word' id='word_1_65' title='bbox 60 1165 155 1232; x_wconf 71' lang='lat' dir='ltr'><strong>Servat,</strong></span> <span class='ocrx_word' id='word_1_66' title='bbox 174 1175 203 1218; x_wconf 89' lang='lat' dir='ltr'><strong>et</strong></span> <span class='ocrx_word' id='word_1_67' title='bbox 218 1168 358 1220; x_wconf 88' lang='lat' dir='ltr'><strong>inclusum</strong></span> <span class='ocrx_word' id='word_1_68' title='bbox 374 1184 484 1219; x_wconf 89' lang='lat' dir='ltr'><strong>summa</strong></span> <span class='ocrx_word' id='word_1_69' title='bbox 497 1175 574 1218; x_wconf 88' lang='lat' dir='ltr'><strong>tenet</strong></span> <span class='ocrx_word' id='word_1_70' title='bbox 587 1167 641 1220; x_wconf 90' lang='lat' dir='ltr'><strong>Ilus</strong></span> <span class='ocrx_word' id='word_1_71' title='bbox 656 1169 686 1220; x_wconf 92' lang='lat' dir='ltr'><strong>in</strong></span> <span class='ocrx_word' id='word_1_72' title='bbox 701 1184 783 1224; x_wconf 82' lang='lat' dir='ltr'><strong>arce:</strong></span> 
     </span>
     <span class='ocr_line' id='line_1_14' title="bbox 29 1235 718 1305; baseline 0.009 -19"><span class='ocrx_word' id='word_1_73' title='bbox 29 1264 30 1281; x_wconf 55' lang='lat' dir='ltr'><strong>i</strong></span> <span class='ocrx_word' id='word_1_74' title='bbox 88 1235 212 1305; x_wconf 84' lang='lat' dir='ltr'><strong>Curaque</strong></span> <span class='ocrx_word' id='word_1_75' title='bbox 223 1237 259 1289; x_wconf 87' lang='lat' dir='ltr'><strong>ad</strong></span> <span class='ocrx_word' id='word_1_76' title='bbox 270 1237 404 1289; x_wconf 82' lang='lat' dir='ltr'><strong>heredem</strong></span> <span class='ocrx_word' id='word_1_77' title='bbox 417 1236 612 1288; x_wconf 87' lang='lat' dir='ltr'><strong>Laomedonta</strong></span> <span class='ocrx_word' id='word_1_78' title='bbox 634 1239 718 1293; x_wconf 85' lang='lat' dir='ltr'><strong>venit.</strong></span> 
     </span>
     <span class='ocr_line' id='line_1_15' title="bbox 29 1286 782 1376; baseline 0.009 -21"><span class='ocrx_word' id='word_1_79' title='bbox 29 1286 30 1355; x_wconf 79' lang='lat' dir='ltr'><strong>l</strong></span> <span class='ocrx_word' id='word_1_80' title='bbox 61 1304 109 1356; x_wconf 77' lang='lat' dir='ltr'><strong>aab</strong></span> <span class='ocrx_word' id='word_1_81' title='bbox 123 1305 235 1358; x_wconf 84' lang='lat' dir='ltr'><strong>Priamo</strong></span> <span class='ocrx_word' id='word_1_82' title='bbox 253 1315 360 1358; x_wconf 84' lang='lat' dir='ltr'><strong>servata</strong></span> <span class='ocrx_word' id='word_1_83' title='bbox 377 1322 487 1374; x_wconf 75' lang='lat' dir='ltr'><strong>parion.</strong></span> <span class='ocrx_word' id='word_1_84' title='bbox 519 1305 564 1358; x_wconf 84' lang='lat' dir='ltr'><strong>sio</strong></span> <span class='ocrx_word' id='word_1_85' title='bbox 579 1305 640 1375; x_wconf 88' lang='lat' dir='ltr'><strong>ipsa</strong></span> <span class='ocrx_word' id='word_1_86' title='bbox 658 1307 782 1376; x_wconf 76' lang='lat' dir='ltr'><strong>volebat,</strong></span> 
     </span>
     <span class='ocr_line' id='line_1_16' title="bbox 87 1372 678 1443; baseline 0.005 -18"><span class='ocrx_word' id='word_1_87' title='bbox 87 1375 122 1425; x_wconf 86' lang='lat' dir='ltr'><strong>Er</strong></span> <span class='ocrx_word' id='word_1_88' title='bbox 138 1391 193 1443; x_wconf 74' lang='lat' dir='ltr'><strong>quo</strong></span> <span class='ocrx_word' id='word_1_89' title='bbox 206 1374 310 1428; x_wconf 76' lang='lat' dir='ltr'><strong>iudicio</strong></span> <span class='ocrx_word' id='word_1_90' title='bbox 323 1375 417 1427; x_wconf 76' lang='lat' dir='ltr'><strong>forma</strong></span> <span class='ocrx_word' id='word_1_91' title='bbox 439 1372 544 1426; x_wconf 82' lang='lat' dir='ltr'><strong>revicta</strong></span> <span class='ocrx_word' id='word_1_92' title='bbox 560 1383 609 1427; x_wconf 88' lang='lat' dir='ltr'><strong>tua</strong></span> <span class='ocrx_word' id='word_1_93' title='bbox 628 1384 678 1428; x_wconf 87' lang='lat' dir='ltr'><strong>est.</strong></span> 
     </span>
     <span class='ocr_line' id='line_1_17' title="bbox 60 1441 766 1516; baseline 0.011 -25"><span class='ocrx_word' id='word_1_94' title='bbox 60 1441 104 1494; x_wconf 76' lang='lat' dir='ltr'><strong>Seu</strong></span> <span class='ocrx_word' id='word_1_95' title='bbox 115 1460 203 1513; x_wconf 85' lang='lat' dir='ltr'><strong>genus</strong></span> <span class='ocrx_word' id='word_1_96' title='bbox 219 1443 341 1510; x_wconf 82' lang='lat' dir='ltr'><strong>Adrasti,</strong></span> <span class='ocrx_word' id='word_1_97' title='bbox 373 1461 423 1497; x_wconf 87' lang='lat' dir='ltr'><strong>seu</strong></span> <span class='ocrx_word' id='word_1_98' title='bbox 441 1442 524 1495; x_wconf 83' lang='lat' dir='ltr'><strong>furtis</strong></span> <span class='ocrx_word' id='word_1_99' title='bbox 542 1453 623 1512; x_wconf 80' lang='lat' dir='ltr'><strong>aptus</strong></span> <span class='ocrx_word' id='word_1_100' title='bbox 641 1443 743 1516; x_wconf 86' lang='lat' dir='ltr'><strong>Ulixes,</strong></span> <span class='ocrx_word' id='word_1_101' title='bbox 764 1456 766 1460; x_wconf 72' lang='lat'><strong><em>‘</em></strong></span> 
     </span>
     <span class='ocr_line' id='line_1_18' title="bbox 87 1512 610 1582; baseline 0.006 -19"><span class='ocrx_word' id='word_1_102' title='bbox 87 1514 137 1564; x_wconf 77' lang='lat' dir='ltr'><strong>Seu</strong></span> <span class='ocrx_word' id='word_1_103' title='bbox 154 1512 215 1581; x_wconf 82' lang='lat' dir='ltr'><strong>pius</strong></span> <span class='ocrx_word' id='word_1_104' title='bbox 230 1517 342 1580; x_wconf 76' lang='lat' dir='ltr'><strong>Aeneas,</strong></span> <span class='ocrx_word' id='word_1_105' title='bbox 366 1512 500 1582; x_wconf 71' lang='lat' dir='ltr'><strong>eripuisse</strong></span> <span class='ocrx_word' id='word_1_106' title='bbox 519 1512 610 1566; x_wconf 87' lang='lat' dir='ltr'><strong>datur.</strong></span> 
     </span>
     <span class='ocr_line' id='line_1_19' title="bbox 59 1580 746 1646; baseline 0.009 -17"><span class='ocrx_word' id='word_1_107' title='bbox 59 1580 154 1634; x_wconf 77' lang='lat' dir='ltr'><strong>tuotor</strong></span> <span class='ocrx_word' id='word_1_108' title='bbox 169 1582 198 1633; x_wconf 87' lang='lat' dir='ltr'><strong>in</strong></span> <span class='ocrx_word' id='word_1_109' title='bbox 215 1582 338 1635; x_wconf 85' lang='lat' dir='ltr'><strong>incerto:</strong></span> <span class='ocrx_word' id='word_1_110' title='bbox 362 1599 408 1635; x_wconf 89' lang='lat' dir='ltr'><strong>res</strong></span> <span class='ocrx_word' id='word_1_111' title='bbox 425 1588 467 1633; x_wconf 86' lang='lat' dir='ltr'><strong>est</strong></span> <span class='ocrx_word' id='word_1_112' title='bbox 486 1585 625 1646; x_wconf 82' lang='lat' dir='ltr'><strong>Romana3</strong></span> <span class='ocrx_word' id='word_1_113' title='bbox 649 1591 746 1636; x_wconf 86' lang='lat' dir='ltr'><strong>tuetur</strong></span> 
     </span>
     <span class='ocr_line' id='line_1_20' title="bbox 29 1650 741 1721; baseline 0.008 -20"><span class='ocrx_word' id='word_1_114' title='bbox 29 1658 30 1701; x_wconf 66' lang='grc' dir='ltr'><strong>ἰ</strong></span> <span class='ocrx_word' id='word_1_115' title='bbox 85 1652 180 1716; x_wconf 78' lang='lat' dir='ltr'><strong>Vesta,</strong></span> <span class='ocrx_word' id='word_1_116' title='bbox 205 1651 280 1721; x_wconf 88' lang='lat' dir='ltr'><strong>quod</strong></span> <span class='ocrx_word' id='word_1_117' title='bbox 292 1651 401 1704; x_wconf 73' lang='lat' dir='ltr'><strong>assiduo</strong></span> <span class='ocrx_word' id='word_1_118' title='bbox 413 1650 521 1703; x_wconf 88' lang='lat' dir='ltr'><strong>lumine</strong></span> <span class='ocrx_word' id='word_1_119' title='bbox 538 1660 641 1704; x_wconf 86' lang='lat' dir='ltr'><strong>cuncta</strong></span> <span class='ocrx_word' id='word_1_120' title='bbox 656 1650 741 1709; x_wconf 79' lang='lat' dir='ltr'><strong>videt.</strong></span> 
     </span>
     <span class='ocr_line' id='line_1_21' title="bbox 29 1708 839 1800; baseline 0.014 -31"><span class='ocrx_word' id='word_1_121' title='bbox 29 1708 30 1739; x_wconf 60' lang='lat'><strong>³</strong></span> <span class='ocrx_word' id='word_1_122' title='bbox 59 1717 110 1770; x_wconf 82' lang='lat' dir='ltr'><strong>Heu</strong></span> <span class='ocrx_word' id='word_1_123' title='bbox 125 1729 262 1800; x_wconf 76' lang='lat' dir='ltr'><strong>qnantum</strong></span> <span class='ocrx_word' id='word_1_124' title='bbox 272 1721 393 1773; x_wconf 88' lang='lat' dir='ltr'><strong>timuere</strong></span> <span class='ocrx_word' id='word_1_125' title='bbox 410 1722 512 1785; x_wconf 87' lang='lat' dir='ltr'><strong>Patres,</strong></span> <span class='ocrx_word' id='word_1_126' title='bbox 538 1736 595 1791; x_wconf 82' lang='lat' dir='ltr'><strong>quo</strong></span> <span class='ocrx_word' id='word_1_127' title='bbox 609 1729 738 1791; x_wconf 86' lang='lat' dir='ltr'><strong>tempora</strong></span> <span class='ocrx_word' id='word_1_128' title='bbox 755 1727 839 1783; x_wconf 77' lang='lat' dir='ltr'><strong>Vesta</strong></span> 
     </span>
     <span class='ocr_line' id='line_1_22' title="bbox 29 1790 768 1858; baseline 0.007 -20"><span class='ocrx_word' id='word_1_129' title='bbox 29 1792 30 1843; x_wconf 72' lang='grc' dir='ltr'>ἶ</span> <span class='ocrx_word' id='word_1_130' title='bbox 85 1792 162 1853; x_wconf 77' lang='lat' dir='ltr'><strong>Arsit,</strong></span> <span class='ocrx_word' id='word_1_131' title='bbox 182 1798 209 1841; x_wconf 91' lang='lat' dir='ltr'><strong>et</strong></span> <span class='ocrx_word' id='word_1_132' title='bbox 226 1798 273 1842; x_wconf 76' lang='lat' dir='ltr'><strong>est·</strong></span> <span class='ocrx_word' id='word_1_133' title='bbox 285 1790 374 1858; x_wconf 79' lang='lat' dir='ltr'><strong>adytis</strong></span> <span class='ocrx_word' id='word_1_134' title='bbox 386 1790 485 1841; x_wconf 86' lang='lat' dir='ltr'><strong>obruta</strong></span> <span class='ocrx_word' id='word_1_135' title='bbox 497 1806 586 1858; x_wconf 88' lang='lat' dir='ltr'><strong>paene</strong></span> <span class='ocrx_word' id='word_1_136' title='bbox 603 1790 670 1843; x_wconf 88' lang='lat' dir='ltr'><strong>suis!</strong></span> <span class='ocrx_word' id='word_1_137' title='bbox 693 1846 697 1853; x_wconf 62' lang='grc'><em>,</em></span> <span class='ocrx_word' id='word_1_138' title='bbox 757 1838 768 1849; x_wconf 61' lang='lat'><em>„</em></span> 
     </span>
     <span class='ocr_line' id='line_1_23' title="bbox 58 1852 705 1930; baseline 0.014 -26"><span class='ocrx_word' id='word_1_139' title='bbox 58 1852 213 1925; x_wconf 74' lang='lat' dir='ltr'><strong>Plagrabant</strong></span> <span class='ocrx_word' id='word_1_140' title='bbox 221 1860 310 1911; x_wconf 85' lang='lat' dir='ltr'><strong>sancti</strong></span> <span class='ocrx_word' id='word_1_141' title='bbox 325 1858 467 1911; x_wconf 85' lang='lat' dir='ltr'><strong>sceleratis</strong></span> <span class='ocrx_word' id='word_1_142' title='bbox 482 1859 593 1929; x_wconf 78' lang='lat' dir='ltr'><strong>ignibus</strong></span> <span class='ocrx_word' id='word_1_143' title='bbox 611 1860 705 1930; x_wconf 71' lang='lat' dir='ltr'><strong>igneas</strong></span> 
     </span>
     <span class='ocr_line' id='line_1_24' title="bbox 29 1927 787 2003; baseline 0.009 -27"><span class='ocrx_word' id='word_1_144' title='bbox 29 1984 30 1987; x_wconf 8' lang='grc' dir='ltr'><strong>Ἴ</strong></span> <span class='ocrx_word' id='word_1_145' title='bbox 85 1927 215 1997; x_wconf 85' lang='lat' dir='ltr'><strong>Mistaque</strong></span> <span class='ocrx_word' id='word_1_146' title='bbox 230 1934 292 1980; x_wconf 88' lang='lat' dir='ltr'><strong>erat</strong></span> <span class='ocrx_word' id='word_1_147' title='bbox 307 1928 442 1980; x_wconf 85' lang='lat' dir='ltr'><strong>flammae</strong></span> <span class='ocrx_word' id='word_1_148' title='bbox 452 1928 571 1981; x_wconf 86' lang='lat' dir='ltr'><strong>flamma</strong></span> <span class='ocrx_word' id='word_1_149' title='bbox 581 1928 702 1998; x_wconf 83' lang='lat' dir='ltr'><strong>profana</strong></span> <span class='ocrx_word' id='word_1_150' title='bbox 714 1932 787 2003; x_wconf 81' lang='lat' dir='ltr'><strong>piae.</strong></span> 
     </span>
     <span class='ocr_line' id='line_1_25' title="bbox 58 1994 742 2063; baseline 0.019 -21"><span class='ocrx_word' id='word_1_151' title='bbox 58 1994 186 2048; x_wconf 76' lang='lat' dir='ltr'><strong>Attonitae</strong></span> <span class='ocrx_word' id='word_1_152' title='bbox 198 1997 315 2063; x_wconf 83' lang='lat' dir='ltr'><strong>flebant,</strong></span> <span class='ocrx_word' id='word_1_153' title='bbox 340 1997 461 2049; x_wconf 88' lang='lat' dir='ltr'><strong>demisso</strong></span> <span class='ocrx_word' id='word_1_154' title='bbox 473 1996 561 2062; x_wconf 81' lang='lat' dir='ltr'><strong>crine,</strong></span> <span class='ocrx_word' id='word_1_155' title='bbox 582 1998 742 2056; x_wconf 82' lang='lat' dir='ltr'><strong>ministrae:</strong></span> 
     </span>
     <span class='ocr_line' id='line_1_26' title="bbox 85 2064 671 2135; baseline 0.01 -21"><span class='ocrx_word' id='word_1_156' title='bbox 85 2064 238 2119; x_wconf 80' lang='lat' dir='ltr'><strong>Abstulerat</strong></span> <span class='ocrx_word' id='word_1_157' title='bbox 253 2067 328 2119; x_wconf 72' lang='lat' dir='ltr'><strong>vires</strong></span> <span class='ocrx_word' id='word_1_158' title='bbox 349 2065 473 2135; x_wconf 62' lang='lat' dir='ltr'><strong>corporis</strong></span> <span class='ocrx_word' id='word_1_159' title='bbox 493 2067 553 2135; x_wconf 84' lang='lat' dir='ltr'><strong>ipse</strong></span> <span class='ocrx_word' id='word_1_160' title='bbox 576 2067 671 2121; x_wconf 85' lang='lat' dir='ltr'><strong>timor.</strong></span> 
     </span>
     <span class='ocr_line' id='line_1_27' title="bbox 29 2129 828 2210; baseline 0.019 -30"><span class='ocrx_word' id='word_1_161' title='bbox 29 2180 30 2193; x_wconf 28' lang='lat'>2</span> <span class='ocrx_word' id='word_1_162' title='bbox 57 2129 177 2187; x_wconf 79' lang='lat' dir='ltr'><strong>Provolat</strong></span> <span class='ocrx_word' id='word_1_163' title='bbox 192 2135 222 2187; x_wconf 87' lang='lat' dir='ltr'><strong>in</strong></span> <span class='ocrx_word' id='word_1_164' title='bbox 234 2135 368 2195; x_wconf 84' lang='lat' dir='ltr'><strong>medium,</strong></span> <span class='ocrx_word' id='word_1_165' title='bbox 385 2144 414 2187; x_wconf 87' lang='lat' dir='ltr'><strong>et</strong></span> <span class='ocrx_word' id='word_1_166' title='bbox 430 2151 542 2205; x_wconf 83' lang='lat' dir='ltr'><strong>magna.</strong></span> <span class='ocrx_word' id='word_1_167' title='bbox 561 2138 732 2207; x_wconf 76' lang='lat' dir='ltr'><strong>succurrite,</strong></span> <span class='ocrx_word' id='word_1_168' title='bbox 748 2154 828 2210; x_wconf 74' lang='lat' dir='ltr'><strong>voce,</strong></span> 
     </span>
     <span class='ocr_line' id='line_1_28' title="bbox 29 2198 650 2269; baseline 0.01 -16"><span class='ocrx_word' id='word_1_169' title='bbox 29 2198 30 2247; x_wconf 64' lang='lat' dir='ltr'><strong>l</strong></span> <span class='ocrx_word' id='word_1_170' title='bbox 84 2202 141 2254; x_wconf 84' lang='lat' dir='ltr'><strong>Noa</strong></span> <span class='ocrx_word' id='word_1_171' title='bbox 156 2211 196 2256; x_wconf 86' lang='lat' dir='ltr'><strong>est</strong></span> <span class='ocrx_word' id='word_1_172' title='bbox 211 2205 345 2257; x_wconf 82' lang='lat' dir='ltr'><strong>auxilium</strong></span> <span class='ocrx_word' id='word_1_173' title='bbox 360 2204 440 2269; x_wconf 88' lang='lat' dir='ltr'><strong>flere,</strong></span> <span class='ocrx_word' id='word_1_174' title='bbox 457 2204 586 2257; x_wconf 83' lang='lat' dir='ltr'><strong>Metellus</strong></span> <span class='ocrx_word' id='word_1_175' title='bbox 602 2204 650 2260; x_wconf 86' lang='lat' dir='ltr'><strong>ait.</strong></span> 
     </span>
     <span class='ocr_line' id='line_1_29' title="bbox 29 2266 664 2345; baseline 0.011 -26"><span class='ocrx_word' id='word_1_176' title='bbox 29 2310 30 2313; x_wconf 66' lang='lat'>,</span> <span class='ocrx_word' id='word_1_177' title='bbox 57 2266 81 2320; x_wconf 87' lang='lat' dir='ltr'><strong>Pi</strong></span> <span class='ocrx_word' id='word_1_178' title='bbox 116 2289 165 2325; x_wconf 89' lang='lat' dir='ltr'><strong>ora</strong></span> <span class='ocrx_word' id='word_1_179' title='bbox 180 2274 312 2345; x_wconf 76' lang='lat' dir='ltr'><strong>virgineis</strong></span> <span class='ocrx_word' id='word_1_180' title='bbox 327 2273 426 2326; x_wconf 83' lang='lat' dir='ltr'><strong>fatalia</strong></span> <span class='ocrx_word' id='word_1_181' title='bbox 441 2272 532 2325; x_wconf 91' lang='lat' dir='ltr'><strong>tollite</strong></span> <span class='ocrx_word' id='word_1_182' title='bbox 568 2273 664 2326; x_wconf 84' lang='lat' dir='ltr'><strong>almis:</strong></span> 
     </span>
     <span class='ocr_line' id='line_1_30' title="bbox 29 2341 779 2410; baseline 0.008 -18"><span class='ocrx_word' id='word_1_183' title='bbox 29 2342 30 2387; x_wconf 73' lang='lat' dir='ltr'><strong>l</strong></span> <span class='ocrx_word' id='word_1_184' title='bbox 107 2358 142 2392; x_wconf 90' lang='lat' dir='ltr'><strong>on</strong></span> <span class='ocrx_word' id='word_1_185' title='bbox 157 2358 190 2395; x_wconf 83' lang='lat' dir='ltr'><strong>ea</strong></span> <span class='ocrx_word' id='word_1_186' title='bbox 204 2352 270 2396; x_wconf 81' lang='lat' dir='ltr'><strong>sunt</strong></span> <span class='ocrx_word' id='word_1_187' title='bbox 280 2352 359 2409; x_wconf 84' lang='lat' dir='ltr'><strong>voto,</strong></span> <span class='ocrx_word' id='word_1_188' title='bbox 376 2341 424 2394; x_wconf 86' lang='lat' dir='ltr'><strong>sed</strong></span> <span class='ocrx_word' id='word_1_189' title='bbox 438 2342 534 2410; x_wconf 87' lang='lat' dir='ltr'><strong>rapieu</strong></span> <span class='ocrx_word' id='word_1_190' title='bbox 555 2346 678 2399; x_wconf 78' lang='lat' dir='ltr'><strong>ambnu.</strong></span> <span class='ocrx_word' id='word_1_191' title='bbox 775 2354 779 2371; x_wconf 73' lang='grc'><em>“</em></span> 
     </span>
     <span class='ocr_line' id='line_1_31' title="bbox 29 2404 817 2481; baseline 0.014 -24"><span class='ocrx_word' id='word_1_192' title='bbox 29 2442 30 2477; x_wconf 73' lang='lat'>3</span> <span class='ocrx_word' id='word_1_193' title='bbox 58 2404 94 2459; x_wconf 82' lang='lat' dir='ltr'><strong>lle</strong></span> <span class='ocrx_word' id='word_1_194' title='bbox 103 2410 246 2466; x_wconf 88' lang='lat' dir='ltr'><strong>miserum!</strong></span> <span class='ocrx_word' id='word_1_195' title='bbox 274 2411 426 2465; x_wconf 77' lang='lat' dir='ltr'><strong>dubitatis?</strong></span> <span class='ocrx_word' id='word_1_196' title='bbox 461 2411 508 2465; x_wconf 89' lang='lat' dir='ltr'><strong>ait.</strong></span> <span class='ocrx_word' id='word_1_197' title='bbox 543 2411 681 2465; x_wconf 72' lang='lat' dir='ltr'><strong>Dubitare</strong></span> <span class='ocrx_word' id='word_1_198' title='bbox 697 2410 817 2481; x_wconf 76' lang='lat' dir='ltr'><strong>videbat,</strong></span> 
     </span>
     <span class='ocr_line' id='line_1_32' title="bbox 29 2477 643 2553; baseline 0.011 -26"><span class='ocrx_word' id='word_1_199' title='bbox 29 2484 30 2521; x_wconf 71' lang='lat' dir='ltr'><strong>i</strong></span> <span class='ocrx_word' id='word_1_200' title='bbox 85 2477 115 2528; x_wconf 86' lang='lat' dir='ltr'><strong>Et</strong></span> <span class='ocrx_word' id='word_1_201' title='bbox 125 2480 236 2548; x_wconf 87' lang='lat' dir='ltr'><strong>pavidas</strong></span> <span class='ocrx_word' id='word_1_202' title='bbox 248 2482 340 2551; x_wconf 87' lang='lat' dir='ltr'><strong>posito</strong></span> <span class='ocrx_word' id='word_1_203' title='bbox 359 2479 540 2550; x_wconf 78' lang='lat' dir='ltr'><strong>procubuisse</strong></span> <span class='ocrx_word' id='word_1_204' title='bbox 557 2497 643 2553; x_wconf 66' lang='lat' dir='ltr'><strong>genur</strong></span> 
     </span>
     <span class='ocr_line' id='line_1_33' title="bbox 29 2542 832 2622; baseline 0.015 -27"><span class='ocrx_word' id='word_1_205' title='bbox 29 2578 30 2585; x_wconf 24' lang='grc' dir='ltr'><strong>κ</strong></span> <span class='ocrx_word' id='word_1_206' title='bbox 59 2542 145 2600; x_wconf 85' lang='lat' dir='ltr'><strong>Haurit</strong></span> <span class='ocrx_word' id='word_1_207' title='bbox 159 2566 257 2620; x_wconf 82' lang='lat' dir='ltr'><strong>aquas:</strong></span> <span class='ocrx_word' id='word_1_208' title='bbox 280 2550 438 2619; x_wconf 86' lang='lat' dir='ltr'><strong>tollensque</strong></span> <span class='ocrx_word' id='word_1_209' title='bbox 449 2566 558 2616; x_wconf 84' lang='lat' dir='ltr'><strong>manus,</strong></span> <span class='ocrx_word' id='word_1_210' title='bbox 576 2549 731 2622; x_wconf 81' lang='lat' dir='ltr'><strong>Ignoscite,</strong></span> <span class='ocrx_word' id='word_1_211' title='bbox 753 2551 832 2621; x_wconf 79' lang='lat' dir='ltr'><strong>dixit,</strong></span> 
     </span>
     <span class='ocr_line' id='line_1_34' title="bbox 86 2618 683 2676; baseline 0.017 -11"><span class='ocrx_word' id='word_1_212' title='bbox 86 2618 175 2672; x_wconf 82' lang='lat' dir='ltr'><strong>Sacra:</strong></span> <span class='ocrx_word' id='word_1_213' title='bbox 195 2619 243 2672; x_wconf 69' lang='lat' dir='ltr'><strong>vir</strong></span> <span class='ocrx_word' id='word_1_214' title='bbox 255 2620 369 2672; x_wconf 78' lang='lat' dir='ltr'><strong>intrabo</strong></span> <span class='ocrx_word' id='word_1_215' title='bbox 386 2636 444 2671; x_wconf 91' lang='lat' dir='ltr'><strong>non</strong></span> <span class='ocrx_word' id='word_1_216' title='bbox 462 2619 591 2673; x_wconf 87' lang='lat' dir='ltr'><strong>adeunda</strong></span> <span class='ocrx_word' id='word_1_217' title='bbox 613 2621 683 2676; x_wconf 81' lang='lat' dir='ltr'><strong>viro.</strong></span> 
     </span>
     <span class='ocr_line' id='line_1_35' title="bbox 59 2680 769 2759; baseline 0.015 -23"><span class='ocrx_word' id='word_1_218' title='bbox 59 2680 82 2732; x_wconf 76' lang='lat' dir='ltr'><strong>Si</strong></span> <span class='ocrx_word' id='word_1_219' title='bbox 90 2685 174 2738; x_wconf 85' lang='lat' dir='ltr'><strong>scelus</strong></span> <span class='ocrx_word' id='word_1_220' title='bbox 185 2697 241 2754; x_wconf 90' lang='lat' dir='ltr'><strong>est;</strong></span> <span class='ocrx_word' id='word_1_221' title='bbox 267 2688 296 2741; x_wconf 90' lang='lat' dir='ltr'><strong>in</strong></span> <span class='ocrx_word' id='word_1_222' title='bbox 309 2705 354 2741; x_wconf 92' lang='lat' dir='ltr'><strong>me</strong></span> <span class='ocrx_word' id='word_1_223' title='bbox 367 2688 509 2741; x_wconf 78' lang='lat' dir='ltr'><strong>conmissi</strong></span> <span class='ocrx_word' id='word_1_224' title='bbox 519 2706 611 2759; x_wconf 86' lang='lat' dir='ltr'><strong>poena</strong></span> <span class='ocrx_word' id='word_1_225' title='bbox 621 2687 769 2747; x_wconf 74' lang='lat' dir='ltr'><strong>redundet.</strong></span> 
     </span>
     <span class='ocr_line' id='line_1_36' title="bbox 85 2753 647 2827; baseline 0.018 -24"><span class='ocrx_word' id='word_1_226' title='bbox 85 2753 122 2806; x_wconf 78' lang='lat' dir='ltr'><strong>Sit</strong></span> <span class='ocrx_word' id='word_1_227' title='bbox 137 2757 231 2827; x_wconf 86' lang='lat' dir='ltr'><strong>capitia</strong></span> <span class='ocrx_word' id='word_1_228' title='bbox 249 2757 354 2811; x_wconf 86' lang='lat' dir='ltr'><strong>damno</strong></span> <span class='ocrx_word' id='word_1_229' title='bbox 371 2760 461 2810; x_wconf 87' lang='lat' dir='ltr'><strong>Roma</strong></span> <span class='ocrx_word' id='word_1_230' title='bbox 474 2757 565 2811; x_wconf 88' lang='lat' dir='ltr'><strong>soluta</strong></span> <span class='ocrx_word' id='word_1_231' title='bbox 581 2759 647 2814; x_wconf 89' lang='lat' dir='ltr'><strong>mei.</strong></span> 
     </span>
     <span class='ocr_line' id='line_1_37' title="bbox 58 2815 751 2897; baseline 0.012 -25"><span class='ocrx_word' id='word_1_232' title='bbox 58 2815 127 2889; x_wconf 79' lang='lat' dir='ltr'><strong>Dixit,</strong></span> <span class='ocrx_word' id='word_1_233' title='bbox 144 2834 170 2876; x_wconf 84' lang='lat' dir='ltr'><strong>et</strong></span> <span class='ocrx_word' id='word_1_234' title='bbox 180 2826 297 2897; x_wconf 80' lang='lat' dir='ltr'><strong>irrupit3</strong></span> <span class='ocrx_word' id='word_1_235' title='bbox 321 2826 429 2879; x_wconf 81' lang='lat' dir='ltr'><strong>factum</strong></span> <span class='ocrx_word' id='word_1_236' title='bbox 446 2825 498 2878; x_wconf 86' lang='lat' dir='ltr'><strong>dea</strong></span> <span class='ocrx_word' id='word_1_237' title='bbox 516 2836 599 2896; x_wconf 85' lang='lat' dir='ltr'><strong>rapta</strong></span> <span class='ocrx_word' id='word_1_238' title='bbox 613 2825 751 2897; x_wconf 81' lang='lat' dir='ltr'><strong>probavit,</strong></span> 
     </span>
     <span class='ocr_line' id='line_1_38' title="bbox 84 2890 602 2949; baseline 0.017 -9"><span class='ocrx_word' id='word_1_239' title='bbox 84 2890 217 2947; x_wconf 82' lang='lat' dir='ltr'><strong>Pontifiois</strong></span> <span class='ocrx_word' id='word_1_240' title='bbox 258 2896 328 2949; x_wconf 88' lang='lat' dir='ltr'><strong>esui</strong></span> <span class='ocrx_word' id='word_1_241' title='bbox 340 2908 456 2948; x_wconf 87' lang='lat' dir='ltr'><strong>munere</strong></span> <span class='ocrx_word' id='word_1_242' title='bbox 466 2904 528 2948; x_wconf 89' lang='lat' dir='ltr'><strong>tuta</strong></span> <span class='ocrx_word' id='word_1_243' title='bbox 539 2897 602 2949; x_wconf 85' lang='lat' dir='ltr'><strong>fuit</strong></span> 
     </span>
     <span class='ocr_line' id='line_1_39' title="bbox 57 2954 781 3019; baseline 0.01 -9"><span class='ocrx_word' id='word_1_244' title='bbox 57 2954 126 3013; x_wconf 83' lang='lat' dir='ltr'><strong>Nune</strong></span> <span class='ocrx_word' id='word_1_245' title='bbox 138 2962 205 3016; x_wconf 92' lang='lat' dir='ltr'><strong>bene</strong></span> <span class='ocrx_word' id='word_1_246' title='bbox 231 2965 320 3019; x_wconf 82' lang='lat' dir='ltr'><strong>noetis</strong></span> <span class='ocrx_word' id='word_1_247' title='bbox 329 2981 424 3017; x_wconf 89' lang='lat' dir='ltr'><strong>sacrae</strong></span> <span class='ocrx_word' id='word_1_248' title='bbox 436 2965 486 3017; x_wconf 90' lang='lat' dir='ltr'><strong>sub</strong></span> <span class='ocrx_word' id='word_1_249' title='bbox 502 2967 617 3018; x_wconf 76' lang='lat' dir='ltr'><strong>Caesare</strong></span> <span class='ocrx_word' id='word_1_250' title='bbox 628 2964 781 3017; x_wconf 77' lang='lat' dir='ltr'><strong>flammae:</strong></span> 
     </span>
     <span class='ocr_line' id='line_1_40' title="bbox 85 3029 808 3105; baseline 0.006 -24"><span class='ocrx_word' id='word_1_251' title='bbox 85 3029 95 3076; x_wconf 89' lang='lat' dir='ltr'><strong>l</strong></span> <span class='ocrx_word' id='word_1_252' title='bbox 130 3030 190 3084; x_wconf 84' lang='lat' dir='ltr'><strong>isin</strong></span> <span class='ocrx_word' id='word_1_253' title='bbox 203 3034 380 3087; x_wconf 83' lang='lat' dir='ltr'><strong>Iliacisuuno</strong></span> <span class='ocrx_word' id='word_1_254' title='bbox 393 3034 457 3100; x_wconf 74' lang='lat' dir='ltr'><strong>erit5</strong></span> <span class='ocrx_word' id='word_1_255' title='bbox 488 3043 599 3105; x_wconf 85' lang='lat' dir='ltr'><strong>estque,</strong></span> <span class='ocrx_word' id='word_1_256' title='bbox 633 3032 714 3086; x_wconf 86' lang='lat' dir='ltr'><strong>iocis.</strong></span> <span class='ocrx_word' id='word_1_257' title='bbox 806 3094 808 3103; x_wconf 28' lang='grc' dir='ltr'>Ι</span> 
     </span>
     <span class='ocr_line' id='line_1_41' title="bbox 57 3091 716 3169; baseline 0.009 -20"><span class='ocrx_word' id='word_1_258' title='bbox 57 3091 94 3145; x_wconf 80' lang='lat' dir='ltr'><strong>Nu</strong></span> <span class='ocrx_word' id='word_1_259' title='bbox 114 3113 179 3169; x_wconf 80' lang='lat' dir='ltr'><strong>aque</strong></span> <span class='ocrx_word' id='word_1_260' title='bbox 194 3101 304 3157; x_wconf 88' lang='lat' dir='ltr'><strong>dicetur</strong></span> <span class='ocrx_word' id='word_1_261' title='bbox 312 3104 398 3156; x_wconf 84' lang='lat' dir='ltr'><strong>vittas</strong></span> <span class='ocrx_word' id='word_1_262' title='bbox 413 3111 564 3157; x_wconf 82' lang='lat' dir='ltr'><strong>temerasse</strong></span> <span class='ocrx_word' id='word_1_263' title='bbox 580 3102 716 3156; x_wconf 76' lang='lat' dir='ltr'><strong>sacerdos</strong></span> 
     </span>
     <span class='ocr_line' id='line_1_42' title="bbox 84 3165 686 3226; baseline 0.015 -11"><span class='ocrx_word' id='word_1_264' title='bbox 84 3165 140 3218; x_wconf 87' lang='lat' dir='ltr'><strong>Hoc</strong></span> <span class='ocrx_word' id='word_1_265' title='bbox 152 3171 239 3225; x_wconf 71' lang='lat' dir='ltr'><strong>Ducat</strong></span> <span class='ocrx_word' id='word_1_266' title='bbox 261 3190 316 3226; x_wconf 86' lang='lat' dir='ltr'><strong>neo</strong></span> <span class='ocrx_word' id='word_1_267' title='bbox 329 3173 393 3225; x_wconf 79' lang='lat' dir='ltr'><strong>viva</strong></span> <span class='ocrx_word' id='word_1_268' title='bbox 412 3172 571 3226; x_wconf 83' lang='lat' dir='ltr'><strong>defodietur</strong></span> <span class='ocrx_word' id='word_1_269' title='bbox 587 3173 686 3225; x_wconf 83' lang='lat' dir='ltr'><strong>humo.</strong></span> 
     </span>
     <span class='ocr_line' id='line_1_43' title="bbox 29 3229 796 3312; baseline 0.009 -25"><span class='ocrx_word' id='word_1_270' title='bbox 29 3282 30 3287; x_wconf 75' lang='grc'>,</span> <span class='ocrx_word' id='word_1_271' title='bbox 57 3229 203 3292; x_wconf 77' lang='lat' dir='ltr'><strong>Sioinoesta</strong></span> <span class='ocrx_word' id='word_1_272' title='bbox 218 3242 304 3312; x_wconf 87' lang='lat' dir='ltr'><strong>perit:</strong></span> <span class='ocrx_word' id='word_1_273' title='bbox 367 3241 395 3294; x_wconf 88' lang='lat' dir='ltr'><strong>ia</strong></span> <span class='ocrx_word' id='word_1_274' title='bbox 413 3254 497 3311; x_wconf 84' lang='lat' dir='ltr'><strong>quam</strong></span> <span class='ocrx_word' id='word_1_275' title='bbox 516 3241 639 3307; x_wconf 82' lang='lat' dir='ltr'><strong>violavit,</strong></span> <span class='ocrx_word' id='word_1_276' title='bbox 664 3241 694 3292; x_wconf 87' lang='lat' dir='ltr'><strong>ln</strong></span> <span class='ocrx_word' id='word_1_277' title='bbox 714 3239 796 3294; x_wconf 82' lang='lat' dir='ltr'><strong>illem</strong></span> 
     </span>
     <span class='ocr_line' id='line_1_44' title="bbox 85 3303 1066 3380; baseline 0.01 -27"><span class='ocrx_word' id='word_1_278' title='bbox 85 3303 222 3364; x_wconf 77' lang='lat' dir='ltr'><strong>Conditor:</strong></span> <span class='ocrx_word' id='word_1_279' title='bbox 258 3319 286 3362; x_wconf 89' lang='lat' dir='ltr'><strong>et</strong></span> <span class='ocrx_word' id='word_1_280' title='bbox 298 3313 338 3363; x_wconf 82' lang='lat' dir='ltr'><strong>Te</strong></span> <span class='ocrx_word' id='word_1_281' title='bbox 360 3327 393 3362; x_wconf 89' lang='lat' dir='ltr'><strong>us</strong></span> <span class='ocrx_word' id='word_1_282' title='bbox 409 3313 549 3380; x_wconf 81' lang='lat' dir='ltr'><strong>Vestaque</strong></span> <span class='ocrx_word' id='word_1_283' title='bbox 560 3324 665 3362; x_wconf 76' lang='lat' dir='ltr'><strong>naiman</strong></span> <span class='ocrx_word' id='word_1_284' title='bbox 676 3310 752 3362; x_wconf 87' lang='lat' dir='ltr'><strong>idern</strong></span> <span class='ocrx_word' id='word_1_285' title='bbox 768 3316 822 3364; x_wconf 55' lang='lat' dir='ltr'><strong>estt</strong></span> <span class='ocrx_word' id='word_1_286' title='bbox 857 3324 859 3333; x_wconf 87' lang='grc'><strong>’</strong></span> <span class='ocrx_word' id='word_1_287' title='bbox 939 3304 1001 3362; x_wconf 71' lang='grc' dir='ltr'><strong>4ἂο</strong></span> <span class='ocrx_word' id='word_1_288' title='bbox 1060 3322 1066 3331; x_wconf 76' lang='grc'><em>“</em></span> 
     </span>
     <span class='ocr_line' id='line_1_45' title="bbox 29 3364 911 3452; baseline 0.008 -27"><span class='ocrx_word' id='word_1_289' title='bbox 29 3430 30 3439; x_wconf 18' lang='lat'>¹</span> <span class='ocrx_word' id='word_1_290' title='bbox 57 3364 748 3452; x_wconf 71' lang='lat' dir='ltr'><strong>Tumseicauuoourausoognomaaiahoaa</strong></span> <span class='ocrx_word' id='word_1_291' title='bbox 880 3391 883 3397; x_wconf 74' lang='grc'>’</span> <span class='ocrx_word' id='word_1_292' title='bbox 907 3382 911 3388; x_wconf 84' lang='grc'><strong>’</strong></span> 
     </span>
    </p>
   </div>
   <div class='ocr_carea' id='block_1_3' title="bbox 0 0 1172 3842">
    <p class='ocr_par' dir='ltr' id='par_1_3' title="bbox 0 0 1172 3842">
     <span class='ocr_line' id='line_1_46' title="bbox 0 0 1172 3842; baseline 0 1"><span class='ocrx_word' id='word_1_293' title='bbox 0 0 1172 3842; x_wconf 95' lang='lat' dir='ltr'><strong> </strong></span> 
     </span>
    </p>
   </div>
  </div>
 </body>
</html>
