2334 3842
525 228 624 289 1131&

130 374 245 431 Conscia
258 375 411 431 fumabunt
420 392 532 449 semper
544 376 579 432 ad
593 393 643 431 era
653 375 740 430 faces.

87 448 142 501 nis
154 448 230 510 vivus
243 448 321 502 iuriis
334 447 486 517 agitabere,
503 456 631 510 mortuus
642 446 748 510 isdem3

21 539 26 548 ,
128 519 162 568 Et
175 517 286 578 brevies
297 533 388 585 poene
399 516 457 569 rita
466 517 565 583 futura
580 525 631 568 tua
647 525 698 569 est.

91 587 152 639 Nec
167 586 219 637 tihi
233 586 396 656 contingent
408 586 491 638 funus
502 584 691 657 lacrimaeque
703 593 828 637 tuorum.

21 713 25 718 ,
126 654 334 722 Indeploratum
346 655 493 723 proiiciere
507 663 600 724 caput.
736 677 739 680 ¹

92 723 288 793 Carnificisque
300 740 394 787 manu,
412 724 515 793 populo
529 722 688 792 plaudente,
704 719 840 785 traheris3

125 792 283 862 Infixusque
295 792 351 844 tuis
365 792 470 846 ossihus
483 809 571 845 uncus
580 789 643 844 erit

89 862 170 930 Ipsae
177 870 206 932 te
218 861 344 931 fugient.
354 879 425 930 quae
439 870 559 931 carpunt
573 860 676 927 omnia,
694 861 843 912 flammaez

125 932 178 981 Iles
200 939 247 983 uet
259 930 378 982 invisum
392 930 465 983 iusta
478 930 598 984 cadaver
608 930 720 982 humus.

89 948 235 1068 Unguiisus
253 1008 281 1051 et
293 994 384 1052 rostro
394 1000 491 1052 tardus
503 999 598 1052 trahet
611 999 661 1050 ilia
669 997 782 1062 vultum

125 1070 158 1118 Et
173 1067 299 1122 scindent
309 1068 405 1122 avidae
437 1068 524 1122 erfida
535 1068 623 1122 eorda
634 1084 726 1120 canes.

87 1136 186 1205 Deque
196 1146 245 1190 tuo
256 1138 316 1205 fiet,
331 1138 399 1191 licet
414 1087 469 1190 iac
481 1137 517 1189 sis
530 1136 613 1189 laude
627 1136 772 1206 superbus,

123 1206 326 1258 Insatiabilibus
340 1223 458 1275 corpore
470 1207 531 1258 rixa
541 1206 624 1274 lupis.

86 1276 122 1327 In
135 1274 199 1327 loca
214 1275 249 1328 ab
265 1276 360 1343 Elysiis
376 1276 483 1340 diversa
495 1276 631 1346 ingehere
645 1271 764 1341 campis3
793 1275 796 1294 ¹

23 1403 27 1409 ,
123 1346 254 1413 Quosque
266 1353 344 1397 tenet
355 1343 432 1398 sedes
444 1344 528 1397 noxia
540 1344 634 1409 turba,
653 1342 736 1394 coles.

87 1412 218 1482 Sisyphus
228 1413 341 1468 estillic
358 1429 455 1466 saxum
466 1414 635 1483 volvensque
654 1420 824 1479 petensque3
869 1440 872 1450 ι

124 1482 232 1551 Quique
245 1482 339 1553 agitur
350 1482 466 1551 rapidae
478 1482 587 1535 vinctus
601 1482 636 1534 ah
645 1481 717 1532 'orbe
733 1488 828 1538 rotae;

86 1553 222 1620 Quaeque
233 1560 335 1622 gerunt
346 1551 471 1604 humeris
482 1551 622 1620 perituras
637 1549 743 1601 Belides
755 1547 853 1615 undas,

122 1621 226 1678 Exsulis
237 1626 275 1672 Ae
314 1620 364 1689 pti,
379 1621 462 1673 turha
474 1630 599 1686 cruenta,
615 1635 709 1680 nurus·

84 1689 172 1743 Poma
185 1698 265 1757 pater
300 1689 385 1758 elopis
396 1690 554 1758 praesentia
568 1686 686 1760 (praesit,
702 1694 732 1739 et
744 1684 822 1739 idem

121 1762 237 1826 Semper
249 1767 321 1829 eget,
338 1758 451 1830 liquidis
463 1776 576 1827 semper
586 1756 709 1810 abundat
726 1755 819 1832 aquis3

83 1828 285 1897 Iugeribusque
295 1845 397 1882 novem
410 1828 458 1897 qui
468 1843 593 1881 summus
607 1827 689 1879 distat
702 1824 737 1876 ab
750 1839 818 1884 imo,

119 1897 288 1966 Visceraque
299 1898 423 1950 assiduae
434 1897 530 1949 dehita
541 1898 658 1966 praebet
672 1894 726 1946 avi.

10 2003 11 2006 =
83 1965 137 2019 llic
152 1963 205 2015 tibi
217 1966 251 2017 de
267 1966 354 2018 Furiis
364 1966 471 2018 scindet
481 1965 553 2017 latus
562 1984 623 2033 ,una
636 1962 773 2034 flagello,.

120 2037 156 2084 Ut
168 2034 280 2090 sceleris
293 2051 425 2086 numeros
438 2035 591 2086 confiteare
600 2032 656 2084 tui:
737 2063 746 2070 ⁸

65 2163 69 2172 J
82 2102 180 2156 Altera
192 2102 332 2155 Tartareis
343 2112 434 2156 sectos
451 2102 529 2154 dabit
546 2100 685 2171 anguibus
697 2107 791 2151 artus:

17 2230 18 2233 Ἴ
118 2171 214 2223 Tertia
224 2172 363 2224 fumantes
376 2170 509 2241 incoquet
519 2170 588 2241 igne
596 2185 690 2240 genas.

82 2241 173 2297 Noxia
184 2241 261 2292 mille
275 2240 365 2292 modis
375 2238 545 2298 lacerahitur
562 2240 679 2303 umhra3
696 2244 816 2306 tuasque

29 2364 33 2370 ,
119 2315 224 2362 Aeactu
235 2309 265 2361 in
278 2326 383 2389 poenas
391 2309 551 2379 ingeniosus
565 2308 626 2360 erit.

82 2383 115 2432 In
127 2387 157 2430 te
168 2380 337 2431 transcnhet
348 2388 474 2431 veterum
486 2386 628 2429 tormenta
639 2383 771 2439 reorum

117 2447 243 2499 Manibus
254 2445 373 2516 antiquis
385 2464 468 2500 causa
499 2446 580 2497 uietis
595 2445 657 2497 eris.

82 2514 206 2585 Sisyphe,
225 2518 270 2569 cui
284 2517 377 2568 tradas
386 2464 540 2569 resoluiite
553 2514 672 2583 pondus,
688 2509 820 2564 habebis:

115 2586 274 2638 Versabunt
284 2585 389 2637 celeres
402 2603 478 2640 ntmc
488 2602 562 2637 nova
573 2583 701 2636 membra
712 2590 800 2633 rotae.

81 2653 135 2708 Hic
150 2655 213 2720 erit,
231 2662 362 2716 etramss
373 2654 478 2706 frustra
490 2655 540 2723 qui
550 2662 645 2723 captet
659 2660 688 2703 et
701 2649 804 2703 undass
833 2711 835 2724 γ
960 2663 964 2678 “

116 2724 169 2776 Hic
182 2724 360 2775 inconsumto
370 2724 477 2776 viscere
492 2732 585 2792 pascet
598 2738 687 2775 arem.

80 2794 141 2849 Nec
151 2790 251 2844 mortis
261 2805 366 2861 poenas
378 2809 453 2844 mors
464 2792 552 2844 altera
561 2792 640 2850 liniet
653 2789 749 2842 huius:

116 2865 247 2931 Horaque
264 2860 411 2914 erittantis
424 2861 525 2913 ultima
536 2859 615 2913 nulla
627 2859 715 2912 malis.

79 2930 149 2984 Inde
164 2948 215 3001 ego
227 2943 315 2999 pauca
330 2948 443 2995 canam3
460 2929 575 3000 frqndes
591 2939 624 2980 ut
635 2929 658 2981 si
671 2926 731 2998 quis‘
743 2925 779 2978 ah
792 2924 851 2991 Ide,

115 3004 172 3052 Aut
184 3016 321 3052 summam
334 3000 438 3068 Libyco
457 3000 493 3051 de
505 3015 585 3051 more
599 3006 697 3065 carpat
708 3001 820 3063 aquam.

80 3070 153 3122 Nem
164 3084 265 3138 neque,
286 3078 355 3137 quot
365 3069 450 3120 flores
462 3068 553 3133 Sicula
563 3074 713 3119 nascantur
726 3064 756 3115 in
766 3061 867 3133 Hybla,

50 3165 55 3171 ·
116 3142 225 3201 Quotve
235 3136 318 3203 ferat,
336 3136 436 3204 dicam,
452 3145 529 3189 terra
542 3137 636 3189 Cilissa
649 3149 755 3187 crocos.

80 3208 140 3262 Nec
155 3223 220 3260 cum
232 3206 316 3257 tristis
329 3206 417 3258 hiems
428 3210 451 3255 Α
470 3206 571 3258 nilonis
581 3203 722 3257 inhorruit
734 3200 794 3268 alis,

115 3279 205 3338 Quam
218 3274 307 3326 mults
318 3275 368 3325 liat
378 3224 513 3344 pandiae
525 3291 609 3327 canus
620 3272 713 3325 Athos.

78 3343 139 3402 Nec
148 3343 224 3398 mala
236 3360 306 3397 vose
317 3360 382 3397 mes
393 3344 500 3415 possint
511 3352 560 3398 tua
572 3351 674 3397 cuncta
685 3339 797 3408 referri,
880 3382 883 3386 .

980 2996 1033 3080 2⁰0
