2334 3842
133 213 173 276 ts
367 274 373 291 ,
406 215 437 268 P.
461 213 610 269 ov1n11
628 188 815 272 ussurus

235 350 318 424 Quod
330 358 401 441 petis
413 377 429 412 a
443 358 532 426 nobis,
552 360 668 413 obrutus
680 359 730 413 ille
742 358 829 416 dabit.

198 431 275 482 Iussa
285 430 356 483 facit
363 435 472 499 pastor.
490 433 610 482 Fervent
623 430 750 483 examina
761 430 837 500 putri

130 498 182 556 880
233 501 274 551 De
287 501 358 552 bove
367 523 374 553 1:
392 492 470 551 mill'e
482 499 588 551 animas
601 516 658 551 una
670 508 771 551 necata
782 499 868 552 dedit.

198 569 290 623 Poscit
304 585 385 621 ovem
397 569 496 622 fatum.
514 568 655 620 Verbenas
667 568 797 637 improba
807 568 920 640 carpsit,

235 641 309 701 Quas
319 639 366 706 pia
380 638 419 689 dls
431 639 503 691 ruris
516 637 593 690 ferre
606 638 715 690 solebat
732 655 809 691 anus.

199 706 273 774 Quid
284 707 338 758 tuti
348 716 482 775 superest,
500 707 624 759 annnam
637 724 701 759 cum
712 715 799 777 ponat
815 706 845 758 in
859 707 915 760 aris

233 776 456 847 Lanigerumque
470 794 565 845 pecus,
582 776 778 846 ruricolaeque
790 777 897 829 boves?

129 845 181 903 885
198 845 294 898 Placet
308 862 380 914 equo
393 845 481 897 Persis
492 846 578 897 radiis
591 846 750 915 Hyperiona
764 845 899 912 cinctum,

234 916 275 966 Ne
290 914 372 965 detur
381 914 467 967 celeri
478 914 593 967 victima
605 914 687 966 tarda
699 914 761 969 deo.

112 1048 113 1051 Ἴ
201 982 283 1048 Quod
295 983 381 1036 semel
395 993 437 1037 est
447 984 552 1053 triplici
587 1001 619 1036 ro
631 984 740 1054 virgine
753 999 834 1037 caesa
846 982 959 1052 Dianae,

234 1054 314 1105 Nunc
326 1070 438 1123 quoque
453 1070 503 1120 pro
516 1002 595 1107 nullis
606 1052 714 1123 virgine
729 1068 811 1106 cerva
822 1053 907 1107 cadit.

201 1123 269 1174 Exta
281 1139 384 1174 canum
395 1122 454 1174 vidi
466 1121 577 1174 Triviae
588 1122 677 1175 libare
694 1126 822 1192 Sapaeos,

129 1188 205 1250 890‘
235 1194 269 1245 Et
284 1192 445 1272 quicunque
458 1201 519 1243 tuas
535 1191 647 1260 accolit,
665 1194 779 1259 flecma,
796 1191 882 1247 nives.

201 1259 331 1313 Caeditur
343 1270 371 1313 et
381 1261 471 1332 ngido
485 1260 598 1313 Custodi
611 1261 684 1313 ruris
698 1261 805 1313 asellus.
972 1318 974 1321 ,

234 1332 320 1382 Causa
330 1330 462 1400 pudenda
473 1330 588 1400 quidem
599 1339 650 1397 est,
666 1330 732 1382 huic
745 1339 840 1383 tamen
852 1340 918 1402 apta
930 1332 992 1388 deo.

197 1401 277 1453 Festa
288 1399 469 1469 corymbiferi
481 1399 652 1467 celebrabas,
670 1399 797 1466 Graecia,
815 1402 924 1469 Bacchi,

233 1468 329 1521 Tertia
343 1486 413 1539 quae
426 1470 508 1521 solito
518 1479 578 1522 tem
600 1486 649 1522 ore
663 1469 764 1521 bruma
776 1467 873 1527 refert.

129 1538 182 1597 395
198 1536 236 1592 1>1
251 1554 364 1611 quoque
376 1537 567 1618 cultores'geli
591 1540 711 1590 'venere
724 1539 836 1607 Lycaei,

233 1609 275 1674 Et,
295 1608 454 1677 quicunque
467 1607 525 1658 ioci
538 1624 596 1659 non
610 1605 715 1658 alienus
728 1615 803 1660 erat:

199 1678 294 1743 Panes,
314 1686 342 1730 et
353 1678 383 1728 in
394 1679 532 1729 Venerem
542 1679 707 1745 Satyrorum
717 1690 808 1746 prona
820 1675 958 1745 iuventus,

235 1748 367 1815 Quaeque
384 1745 480 1798 colunt
491 1762 586 1797 amnes
599 1744 716 1815 solaque
727 1762 804 1814 rura,
821 1744 899 1801 deae.

200 1817 321 1867 Venerat
335 1824 363 1867 et
375 1814 468 1867 senior
479 1813 572 1882 pando
586 1814 693 1865 Silenus
707 1814 801 1881 asello,

131 1883 184 1942 400
235 1878 344 1955 Quique
356 1884 442 1936 rubro
454 1883 566 1953 pavidas
580 1882 695 1963 inguine
710 1892 798 1936 terret
811 1899 885 1937 aves.

198 1953 299 2007 Dulcia
312 1954 361 2034 qui
372 1953 489 2024 dignum
499 1969 602 2005 nemus
609 1970 639 2004 m
654 1952 782 2006 convivia
792 1953 870 2006 nacti

237 2026 368 2077 Cramme
379 2022 485 2075 vestitis
496 2022 653 2075 accubuere
662 2018 740 2076 toris.

200 2092 272 2149 Vina
290 2092 374 2144 dabat
389 2091 486 2144 Liber:
504 2088 608 2143 tulerat
620 2091 673 2143 sihi
686 2092 803 2162 quisque
815 2108 960 2149 coronam.

234 2160 388 2214 Miscendas
401 2177 486 2231 parce
497 2161 575 2213 rivus'
587 2160 689 2231 agebat
699 2179 794 2232 aquas.

132 2231 184 2291 405
201 2231 303 2285 Naides
317 2231 409 2291 effusis
423 2230 494 2283 aliae
504 2230 563 2282 sinc
575 2229 695 2298 pectinis
707 2247 768 2298 usu,

236 2302 303 2352 Pars
315 2300 433 2353 aderant
445 2298 541 2370 positis
555 2308 615 2351 arte
628 2300 768 2370 manuque
783 2297 882 2357 comis.
894 2319 905 2347 ῃ

201 2369 254 2423 Illa
267 2386 349 2438 super
360 2386 437 2421 suras
452 2369 577 2421 tunicam
589 2368 709 2421 collecta
722 2368 875 2421 ministrat:

237 2438 331 2490 Altera
346 2439 448 2490 dissuto
460 2446 557 2506 pectus
571 2447 670 2506 aperta
681 2437 751 2490 sinu

203 2507 309 2561 Exserit
324 2507 392 2559 haec
406 2507 570 2559 humerum:
589 2515 695 2558 vestem
707 2505 795 2558 trahit
807 2504 858 2557 illa
867 2522 921 2575 per
932 2505 1046 2564 herhas.

133 2576 187 2634 410
237 2575 395 2646 Impediunt
405 2584 517 2628 teneros
536 2575 648 2628 vincula
659 2573 737 2627 nulla
751 2575 844 2644 pedes.

202 2647 275 2700 Hinc
289 2644 359 2697 aliae
372 2645 476 2713 Satyris
487 2643 619 2697 incendia
635 2644 714 2696 mitia
728 2643 876 2713 praebent:

237 2717 303 2767 Pars
317 2714 378 2781 tihi,
397 2714 445 2783 qui
461 2713 528 2781 pinu
543 2723 673 2782 tempora
686 2713 849 2793 nexa‘geris.

203 2786 243 2838 Te
253 2800 373 2865 quoque,
389 2783 557 2835 inextinctae
568 2783 661 2835 Silene
671 2781 803 2847 libidinis,
820 2788 917 2838 urunt.

240 2856 284 2905 Ne
331 2854 370 2905 tia
384 2862 432 2918 est,
450 2868 521 2922 quae
536 2859 566 2903 te
577 2868 635 2904 non
652 2852 717 2903 sinit
729 2868 788 2905 esse
800 2866 907 2905 senaa.

135 2921 187 2980 415
204 2928 267 2975 Atr
306 2938 344 2987 er,
360 2922 510 2974 hortorum
526 2920 650 2973 decusat
663 2920 760 2987 tutela,
775 2920 889 2990 Priapus

241 2992 373 3044 Omnibus
384 3008 416 3044 ex
428 2990 483 3043 illis
493 2989 593 3043 Lotide
607 2999 703 3059 captus
715 2997 784 3042 arat.

204 3063 283 3115 Hanc
297 3060 384 3130 cupit,
401 3059 474 3112 hanc
487 3068 579 3128 optat:
597 3059 658 3111 sola
668 3060 787 3128 suspirat
800 3057 831 3109 in
844 3055 909 3110 illa:

241 3130 378 3201 Signaque
390 3129 438 3181 dat
447 3138 528 3195 nutu,
547 3128 734 3198 sollicitatque
747 3127 829 3179 notis.
852 3153 854 3159 v

205 3202 301 3251 Faetus
312 3201 384 3251 inest
396 3198 509 3266 pulcris,
527 3197 710 3268 sequiturque
721 3195 851 3265 superbia
862 3194 997 3265 formam,

136 3266 191 3324 420
240 3268 353 3320 Irriatun
365 3266 444 3320 vultu
456 3266 574 3335 despicit
585 3266 636 3319 illa
646 3284 707 3322 suo.

206 3339 267 3393 Nox
282 3345 355 3390 erat:
373 3345 408 3405 et,
427 3336 491 3390 sino
505 3352 637 3390 somntun
646 3334 777 3404 faciente,
790 3333 919 3391 iscelam
