2334 3842
157 244 219 329 126
420 266 452 322 r.
474 262 629 319 ovturr
649 262 840 318 Nasonis

224 409 304 465 Unde
318 410 477 463 suburbano
495 409 595 473 clama,
612 406 742 474 Tuberte,
759 396 911 478 triumpho,
985 394 988 400 ¹
1031 386 1034 393 ⁴

186 510 188 513 ·
258 483 360 534 Vectus
377 497 405 531 es
422 480 452 531 in
468 479 563 546 niveis,
581 482 719 543 Postume,
738 478 828 530 victor
848 479 935 548 equis.

156 587 209 644 725
225 563 292 638 Iam
311 598 357 635 sex
375 591 404 634 et
416 582 533 634 totidem
546 580 624 632 luces
646 579 681 633 de
700 597 795 634 mense
813 591 976 649 supersunt3

261 652 334 703 Huic
346 668 433 703 unum
447 666 564 702 numero
582 659 614 701 tu
631 657 729 713 tumen
744 651 813 702 adde
830 649 915 705 diem.

229 721 277 776 Sol
294 719 352 772 abit
369 737 384 772 e
398 720 531 785 Geminis,
555 727 584 770 et
601 720 700 771 Cancri
711 720 790 790 signa
806 720 975 786 rubescunt3

265 788 361 858 Coepit
377 790 511 843 Aventina
521 787 611 841 Pallas
624 790 653 839 in
667 806 732 842 arce
752 788 816 843 coli.

229 896 296 971 Iam
306 920 364 975 tua,
380 911 549 980 Laomedon,
567 911 656 964 oritur
668 926 770 962 nurus:
791 915 908 978 ortaque
933 916 1045 961 noctem

135 1042 139 1047 ,
161 986 214 1043 73⁰
255 979 353 1041 tellit,
372 987 399 1030 et
418 996 433 1030 e
448 982 533 1048 pratis
546 981 602 1033 uda
614 982 714 1051 pruina
724 976 806 1050 fugit.

229 1047 356 1114 Reddita,
374 1049 495 1118 quisquis
510 1050 536 1102 is>
547 1061 597 1119 est,
613 1055 763 1101 Summano
778 1045 882 1113 templa
896 1043 1033 1111 famatus,
1093 1070 1096 1077 ’

191 1134 193 1137 ·
264 1120 338 1169 Tum
356 1134 422 1169 cum
435 1120 575 1188 Romanis,
600 1119 712 1190 Pyrrhe,
730 1115 870 1170 timendus
891 1130 961 1167 eras,

231 1215 323 1290 Hanc
343 1218 454 1307 quoque
471 1254 536 1291 cum
550 1236 649 1306 patriis
663 1237 779 1290 Galatea
792 1234 933 1306 receperit
943 1230 1031 1299 undis,

269 1306 409 1376 Plenaque
417 1323 533 1359 securae
545 1315 622 1359 terra
635 1308 734 1377 quietis
752 1306 819 1368 erit3

164 1379 216 1440 735
231 1375 327 1445 Surgit
346 1374 432 1427 humo
446 1376 552 1428 iuvenis
564 1376 628 1428 telis
645 1377 756 1428 afflatus
770 1373 860 1439 avitis,

269 1447 302 1496 Et
314 1443 426 1514 gemino
439 1444 523 1496 nexas
541 1445 662 1516 porrigit
677 1461 768 1514 angue
786 1458 893 1497 manus.

151 1515 154 1541 ³
234 1515 411 1568 Notusamor
427 1513 576 1579 Phaedrae,
594 1523 661 1566 nota
676 1523 718 1566 est
727 1513 830 1564 iniuria
841 1510 952 1565 Thesei:

270 1583 384 1635 Devovit
400 1590 499 1635 natum
517 1582 648 1635 credulus
660 1583 708 1635 ille
720 1598 810 1633 suum.

234 1654 296 1705 Non
313 1651 429 1720 impune
445 1654 506 1720 pius
519 1653 624 1703 iuvenis
639 1654 781 1704 Troezena
799 1649 922 1719 petebat.

166 1721 219 1780 740
268 1719 374 1772 Dividit
393 1722 532 1773 obstantes
544 1715 659 1790 pectore
671 1729 769 1772 taurus
782 1728 876 1788 aquas<
948 1733 953 1741 ’

236 1789 355 1842 Solliciti
371 1798 515 1840 terrentur
528 1790 612 1859 equi3
641 1790 800 1858 frustraque
818 1785 921 1839 retenti

272 1859 324 1909 Per
335 1857 465 1927 scopulos
478 1857 623 1910 dominum
638 1859 764 1928 duraque
775 1872 840 1909 sara
857 1854 981 1908 trahunt.

237 1925 384 1981 Exciderat
400 1942 494 1993 curru,
518 1926 642 1997 lorisque
654 1926 829 1980 morantibus
848 1934 923 1978 artus

274 1996 439 2065 Hippolytus
451 1996 546 2049 lacero
564 2012 683 2065 corpore
697 2006 792 2065 raptus
803 2003 879 2048 erat:

170 2065 222 2126 745
238 2064 460 2135 Reddideratque
472 2066 602 2134 animam,
620 2066 741 2117 multum
762 2064 926 2145 indignante
940 2061 1034 2113 Diana.

275 2133 367 2200 Nulla,
392 2134 549 2195 Coronides,
572 2152 655 2186 casua
672 2133 784 2199 doloris,
804 2143 851 2186 art.

240 2206 366 2272 Namque
383 2204 430 2273 pio
446 2205 537 2256 iuveni
549 2205 636 2255 vitam
651 2204 709 2255 sine
722 2202 836 2254 vulnere
855 2198 989 2264 reddam3

276 2276 309 2323 Et
324 2272 424 2325 cedent
438 2272 491 2325 arti
504 2273 596 2325 tristia
608 2274 667 2324 fata
682 2288 770 2325 meae.

165 2388 167 2393 ,
243 2341 377 2394 Gramina
393 2342 526 2394 continuo
542 2340 643 2395 loculis
658 2339 798 2411 depromit
816 2337 944 2402 eburnls3
1002 2370 1003 2373 =
1044 2399 1047 2406 Ι

174 2412 227 2470 750
276 2410 444 2463 Profuerunt
460 2411 560 2462 Glauci
574 2408 862 2479 manibusillaprius:
917 2418 919 2427 ’
1082 2464 1087 2471 ,

243 2482 331 2546 tnnc,
355 2497 419 2532 cum
434 2481 592 2535 observatas
604 2494 693 2562 supas
707 2478 890 2533 descenditur
907 2475 1021 2540 heum

278 2552 348 2600 Usus
361 2558 390 2600 et
403 2549 504 2601 auxilio
520 2558 561 2601 est
573 2567 670 2620 augme
691 2549 726 2601 ah
739 2564 830 2618 angue
851 2546 926 2600 dato.
1079 2580 1081 2587 ι
1137 2560 1139 2569 ·

243 2620 362 2672 Pectora
375 2627 420 2670 ter
432 2619 535 2688 tangit,
550 2627 595 2670 ter
606 2620 691 2671 verba
705 2618 829 2673 salubria
844 2615 935 2671 disits.

127 2728 136 2749 ,
188 2720 190 2725 ,
252 2687 442 2756 .Depositum
457 2687 706 2741 terrasustulitilla
726 2695 820 2755 caput
852 2714 884 2743 ,-

176 2755 228 2814 755
245 2759 426 2826 Lucuseum,
445 2757 622 2827 nemorisque
636 2757 685 2820 tui,
712 2757 859 2825 Dictynna„
874 2767 996 2822 recessus
1030 2754 1032 2759 ’

167 2832 170 2835 ’
280 2824 368 2878 Celet:
398 2827 508 2879 Aricino
521 2825 631 2878 Virbius
646 2824 694 2877 ill'e
707 2825 781 2879 lacu.
820 2842 823 2848 ·

246 2898 282 2946 st
292 2895 438 2963 Clymenus
451 2895 605 2964 Clothoque
618 2894 723 2959 dolent,
741 2895 811 2947 haec
827 2888 993 2956 fllasreueri,¹
1079 2944 1084 2959 ¹

281 2965 341 3030 Hic,
358 2966 425 3021 fieri·
438 2965 593 3086 reqni'iura
606 2964 716 3019 minora
729 2963 781 3019 sui.
818 2990 840 2999 ν
1088 2997 1094 3005 ·

154 3044 156 3047 ·
247 3034 359 3101 Iupiter,
378 3050 474 3103 exemp
485 3051 535 3087 um
547 3034 661 3099 veritus,
677 3033 778 3087 direxit
788 3032 819 3084 in
830 3031 912 3084 illum

177 3103 231 3157 760
283 3102 417 3169 Fulmina,
429 3105 485 3172 qui
496 3103 600 3157 nimiae
609 3111 739 3157 moverat
749 3102 815 3155 artis
829 3117 925 3169 opem,
990 3162 997 3176 ι

165 3206 168 3213 «
234 3171 367 3238 Phoebe,
385 3173 554 3242 querebaris.
588 3174 668 3225 Ceras
682 3180 741 3224 est:
765 3170 1007 3239 puuremrern

282 3242 398 3307 Propter
409 3247 448 3305 te,
465 3238 623 3321 fieriquod
633 3250 716 3303 vetat,
734 3240 794 3310 ipse
805 3240 884 3293 facit,
949 3270 952 3279 ·

249 3309 312 3358 Non
325 3324 377 3376 ego
392 3317 429 3372 te,
448 3326 573 3378 quamtis
586 3311 749 3378 properabis
761 3310 883 3374 vincere,
899 3309 1008 3367 cusu,

285 3377 313 3426 Si
325 3384 399 3428 vetet
409 3377 573 3446 auspicium,
590 3379 668 3449 signa
685 3394 799 3432 movere
817 3377 911 3431 velim.
