2334 3842
150 225 216 301 808
421 234 453 289 Ρ.
474 230 630 289 ovntn
649 231 842 290 NASONIS

253 377 348 432 A'e‘rias
359 377 491 432 volueres
504 376 638 449 nguine
651 376 722 438 fixus
737 376 804 430 alas.

149 449 203 507 295
218 452 267 515 Ac,
285 449 363 501 velut
374 447 523 513 Etracides‚
541 464 644 518 magno
658 456 704 499 ter
717 445 753 498 als
765 444 886 500 Hercule
897 447 1026 521 qums,

255 519 355 570 Caesus
369 518 399 569 in
415 517 583 569 immensum
599 515 750 585 proiiciare
762 515 878 569 fretum.

217 590 282 653 Aut,
299 595 331 638 ut
344 585 536 655 Amyntiaden,
553 586 631 654 turpi
642 581 760 637 dilectus
774 601 871 639 amare

254 655 358 721 Oderit,
377 664 405 707 et
417 671 498 707 saevo
511 655 641 706 vulneret
657 669 724 706 ensa
738 670 818 722 puer.

217 726 277 778 Nec
289 724 339 776 tibi
351 724 408 776 fida
420 724 509 795 magis
523 724 633 777 misceri
649 722 752 791 pocula
765 722 881 792 possint,

148 789 202 849 800
253 801 344 861 Quam
359 792 407 873 qui
421 793 569 863 cornigero
584 793 620 845 de
633 796 699 844 love
711 801 793 845 natus
806 801 877 846 erat.

216 865 295 918 More
308 860 353 914 vel
365 869 487 915 sutemas
499 862 574 931 capti
585 877 732 931 suspensus
745 861 858 928 Achaei,

253 929 307 995 Qui
319 930 405 984 miser
416 931 539 984 aurifera
555 939 627 984 teste
638 930 770 1000 pependit
784 947 868 1001 aqua.

216 1004 271 1053 Aut
286 1008 318 1051 ut
331 1000 483 1053 Achillidae
501 1010 622 1072 cognato
635 999 750 1053 nomine
765 1000 876 1053 clarum
893 1001 894 1004 ’

250 1069 395 1139 Opprimat
409 1069 504 1123 hostili
516 1070 612 1151 tegula
623 1070 698 1121 iacta
708 1086 804 1122 manu.

147 1133 200 1193 805
216 1139 275 1192 Nec
288 1147 347 1204 tua,
365 1156 451 1209 quam
463 1139 570 1207 Pyrrhi,
587 1137 699 1190 felicius
711 1154 772 1190 ossa
786 1138 943 1208 quiescant,

251 1211 351 1277 Sparsa
369 1225 420 1277 per
431 1208 592 1260 Ambracias
605 1224 677 1278 quae
688 1208 803 1259 iacuere
815 1207 880 1261 sias.

215 1278 343 1347 Nataque
355 1285 388 1329 ut
399 1278 543 1345 Aeacidae,
560 1276 660 1329 instilis
673 1277 803 1329 moriaris
815 1275 937 1342 adactis;

250 1348 313 1400 Non
331 1346 400 1398 lieet
410 1348 465 1399 hoc
480 1347 574 1400 Cereri
587 1345 760 1398 dissimulare
771 1345 860 1400 nefas·

215 1418 308 1486 thue
323 1432 410 1484 nepos
423 1415 491 1468 dicti
505 1424 602 1468 uostm
613 1414 698 1467 modo
710 1415 834 1467 carmine
847 1414 929 1486 regis

146 1479 199 1539 810
250 1484 447 1537 Cantharidum
462 1501 560 1537 succos
573 1485 658 1536 dante
671 1492 789 1553 parente
802 1483 891 1537 bibas.

214 1556 270 1607 Aut
280 1554 327 1623 pia
338 1561 367 1606 te
379 1571 459 1610 caeso
474 1554 584 1606 dicatur
596 1552 736 1606 adultera:
753 1552 834 1619 sicut,

169 1684 172 1693 Ι
251 1626 311 1686 Qua
326 1622 426 1676 cecidit
437 1626 550 1675 Leucon
563 1622 684 1690 vindice,
699 1622 774 1674 dicta
788 1622 834 1691 pia
846 1630 897 1675 ast.

214 1695 302 1762 Inque
314 1708 412 1760 pyram
429 1700 527 1746 tecum
540 1691 684 1748 carissima
714 1692 813 1763 ignora
824 1691 937 1756 mittas;

251 1765 342 1825 Quam
353 1760 440 1813 finem
454 1761 528 1813 vitae
542 1710 744 1830 Sardanapaius
755 1761 850 1813 habet.

146 1821 198 1885 815
215 1832 306 1899 thue
322 1829 393 1881 lovis
409 1830 506 1894 Libyci
519 1828 658 1897 templum
667 1829 773 1882 violare
782 1828 915 1899 parantis,

247 1903 318 1951 Acta
330 1899 405 1964 Noto
419 1887 512 1950 vultus
528 1898 631 1950 condat
645 1916 731 1952 arena
743 1908 816 1953 tuos.
873 1921 876 1924 “

187 1967 189 1971 ”
214 1970 306 2040 thue
319 1976 485 2022 necatorum
500 1968 582 2020 Darei
595 1967 694 2024 frauda
707 1966 831 2036 secamdi,
937 2009 939 2014 .

247 2037 292 2090 Sic
307 2045 356 2088 tua
370 2036 512 2089 subsidens
527 2037 641 2089 devoret
653 2055 704 2090 ora
715 2037 795 2090 cinis.

212 2108 276 2171 Aut,
294 2114 326 2157 ut
340 2105 473 2173 olivifera,
484 2105 626 2176 quondam
639 2107 757 2176 Sicyone
770 2106 881 2176 fugato,

117 2244 119 2248 .
142 2171 211 2232 820·
247 2175 288 2228 stt
299 2173 388 2245 frigus
401 2175 499 2227 mortis
509 2191 594 2227 causa
607 2176 753 2257 famesque
763 2183 841 2230 tuae.

211 2248 274 2311 Aut,
291 2253 322 2296 ut
337 2245 485 2310 Atarnites,
501 2244 607 2296 insutus
620 2245 695 2314 pelle
706 2243 819 2296 ruvenci

138 2363 154 2390 s
245 2312 377 2382 Turpiter
391 2313 427 2364 ad
442 2313 587 2365 domiuum
602 2314 706 2383 praeda
715 2314 810 2365 ferare
821 2321 914 2370 ntum.

211 2386 299 2452 Inque
311 2391 361 2434 tuo
371 2373 496 2438 tlalamo
510 2382 567 2435 ritu
577 2383 707 2455 iugulere
719 2380 833 2435 Pheraei
839 2381 854 2452 ;'

247 2452 300 2517 Qui
316 2449 394 2503 ditus
410 2460 450 2503 est
461 2452 519 2504 leto
532 2452 658 2523 coniugis
671 2468 737 2506 ense
745 2467 821 2507 suae.

140 2519 193 2579 825
211 2522 342 2589 Quosque
353 2529 434 2589 putas
444 2520 524 2587 fidos,
540 2530 573 2572 ut
584 2521 743 2573 Larissaeus
756 2520 867 2587 Aleuas,

244 2589 365 2641 Vulnere
377 2606 435 2641 non
449 2589 520 2641 fidos
534 2589 677 2658 experiare
689 2598 749 2645 tuo.

209 2661 247 2711 Ut
287 2675 302 2710 e
315 2657 411 2724 Milon,
428 2658 479 2710 sub
494 2676 551 2729 quc
565 2659 690 2712 cruciata
706 2668 748 2712 est
757 2659 818 2712 Pisa
826 2667 956 2728 tyranno,

266 2728 326 2779 ivus
336 2728 365 2779 in
377 2726 501 2781 occultas
511 2728 704 2796 praecipiteris
719 2745 813 2798 aquas.

121 2802 124 2811 '
211 2799 344 2867 Quaeque
358 2796 388 2848 in
401 2797 589 2864 Adimantum,
606 2798 723 2850 Phliasia
733 2814 821 2869 regua
832 2803 983 2861 tenentem,

139 2861 195 2921 880
243 2865 285 2917 Ab
299 2870 513 2935 Intervenerant,
528 2876 559 2919 te
568 2877 681 2937 quoque
690 2866 748 2919 tela
758 2874 864 2935 petant.

209 2937 266 2987 Aut
278 2945 310 2986 ut
324 2935 501 2988 Amastriacis
516 2936 658 3006 quondam
670 2940 793 2992 Lenaeus
806 2937 842 2989 ab
855 2935 912 2990 uris

243 3003 339 3055 Nudus
351 3005 474 3057 Achillea
489 3005 646 3062 destituaris
658 3006 754 3059 humo.

208 3073 300 3141 thue
312 3073 358 3124 vel
372 3074 540 3142 Eurydamas
551 3083 598 3128 ter
610 3075 719 3127 circum
732 3075 814 3127 busta
824 3069 962 3143 Thrasylli

243 3143 290 3191 Est
300 3142 445 3194 Larissaeis
457 3151 553 3212 raptus
568 3144 604 3195 ab
618 3144 698 3196 hoste
708 3143 791 3195 totis:

139 3205 191 3262 885
211 3208 264 3263 Vel
282 3209 339 3276 qui,
358 3226 429 3278 quae
440 3211 532 3264 fuerat
543 3220 649 3266 tutatus
665 3212 778 3265 moenia
789 3226 884 3281 saepe,

134 3283 138 3294 ¹
243 3278 364 3345 Corpore
376 3276 505 3331 lustravit
515 3297 572 3333 uon
588 3281 720 3333 diuturna
733 3298 798 3333 suo:

208 3345 300 3412 thue
312 3361 416 3397 novum
429 3363 511 3415 passa
540 3365 607 3403 auus
647 3350 654 3362 ’
673 3347 841 3419 pcmeueide
853 3358 969 3418 pomae,

242 3413 357 3466 Tractus
366 3414 396 3466 in
408 3418 512 3469 Actaea
520 3354 737 3473 derturlddilter
750 3419 854 3472 humus
