2334 3842
4 22 7 199 ᾧ

4 202 6 295 Ι

128 1549 130 1553 -
216 1515 311 1568 Prima
324 1513 422 1568 movet
438 1514 524 1568 Cadus
543 1513 646 1566 collata
684 1512 772 1564 raelia
793 1512 900 1579 dextra,

141 263 186 316 as
211 314 216 321 ,
408 262 439 314 e.
462 246 612 316 ovum
632 257 835 314 ursonis

220 406 287 460 Dira
299 406 359 459 viro
373 404 474 458 facies:
488 404 574 458 'vires
584 422 636 475 pro
652 420 789 474 corpore:
821 418 922 481 corpus
993 402 995 405 ’
1022 472 1024 474 ³
1061 467 1064 473 ‚

255 476 381 529 Grande:
404 484 485 545 pater
501 476 619 545 monstri
639 474 776 526 Mulciber
798 474 879 543 huius
899 483 969 527 erat.
1034 496 1036 503 >

150 545 201 603 555
217 546 271 599 Pro
312 562 327 597 e
341 545 424 598 domo
443 544 534 626 longis
547 545 679 614 spelunca
691 544 843 596 recessibus
856 544 954 616 ingens

165 680 168 685 .
297 615 371 682 dita,
399 613 521 687 vixipus
540 612 706 666 invenienda
719 613 795 665 feris.

217 687 274 737 Ora
288 700 372 752 super
383 693 475 752 postes
489 683 629 753 affixoque
645 683 761 735 brachia
774 681 907 752 pendent,

199 766 202 771 ¹
253 753 440 874 Squalidague
453 752 581 804 humanis
602 753 707 804 ossibus
727 751 929 809 albet.„humus.

218 827 333 875 Servata
345 839 392 874 ma
404 839 419 874 e
429 828 510 891 parte
529 822 617 874 boum
632 825 696 873 Iove
709 830 790 872 natus
807 820 921 874 abibas:
947 836 949 839 ’

150 893 202 949 560
253 891 494 972 Mugitum'rauco
513 890 592 944 furta
607 890 709 943 dedere
723 906 802 943 sono.

217 960 333 1030 Accip1o
352 960 533 1025 revocamenj
548 960 603 1024 ait;
637 974 793 1029 vocemque
813 967 925 1012 secutus

253 1029 343 1099 Impia
360 1047 413 1098 per
429 1029 510 1083 silvas
529 1029 608 1081 ultor
626 1028 661 1080 ud
684 1038 764 1081 antra
779 1028 864 1082 venit.

218 1098 270 1152 Ille
284 1097 489 1151 aditum'l'racti
501 1095 709 1168 praestruxerat
721 1098 811 1150 obiice
826 1096 944 1149 montis:

252 1169 305 1223 Vix
317 1168 383 1238 iuga
400 1170 553 1220 movissent
568 1168 691 1238 quinque
703 1168 747 1219 bis
759 1166 830 1219 illud
848 1180 925 1235 opus.
965 1192 971 1203 ·

148 1237 200 1296 565
217 1237 323 1292 Nititur
341 1238 388 1289 hic
397 1237 531 1303 humeris,
552 1236 663 1290 coelum
674 1253 794 1307 quoque
811 1236 923 1291 sederat
937 1234 1004 1302 illis5
1092 1250 1095 1259 ¹

254 1310 289 1359 Et
301 1315 410 1359 vastum
430 1312 511 1359 motu
532 1305 731 1358 collabefactat
743 1322 822 1357 onus.
837 1308 840 1311 “

220 1375 301 1441 Quod
314 1374 397 1428 simul
413 1375 538 1429 evulsum
553 1384 603 1439 est,
627 1375 726 1446 fragor
738 1375 867 1426 aetherea
884 1374 986 1427 terruit
1001 1375 1118 1444 ipsuum

155 1466 157 1471 ’
253 1449 367 1516 Ictaque
380 1445 505 1499 subsedit
526 1445 653 1515 pondere
674 1443 756 1496 molis
775 1443 886 1497 humus.
961 1467 966 1473 ·
1076 1465 1080 1475 ··

148 1584 202 1641 670
253 1586 378 1665 Remgue
392 1585 474 1636 feror
491 1583 562 1636 saxis
578 1582 656 1663 stipit
685 1597 773 1651 usque
793 1583 874 1652 gent.
968 1586 970 1595 '

218 1653 285 1719 Quis
298 1653 347 1705 uln
359 1653 399 1705 nil
412 1654 518 1724 agitur3
548 1662 655 1720 patrias
668 1651 742 1703 male
760 1650 845 1703 fortis
864 1649 900 1701 ad
913 1657 989 1703 artes

254 1722 400 1794 Confugit,
420 1731 448 1774 et
458 1722 589 1775 flammas
603 1738 652 1773 ore
670 1729 787 1773 sonante
803 1719 900 1772 vomit.

217 1790 416 1861 Quas²quoties
429 1790 547 1859 proflat‚'
567 1807 579 1841 s
596 1790 673 1841 ‘irare
685 1790 818 1859 Typhoea
835 1785 942 1854 credas,

253 1863 287 1912 Et
299 1860 430 1929 rapidum
442 1865 564 1915 Aetnaeo
578 1808 676 1931 fulgur
689 1860 725 1910 ab
740 1859 805 1929 igne
818 1857 882 1910 iaci.

148 1928 201 1992 575
218 1933 343 1999 Occupat
355 1928 480 1981 Alcides:
507 1928 683 1999 adductaque
697 1927 776 1980 clava
787 1924 907 1979 trinodis

172 2026 175 2033 ·
253 2001 309 2050 Ter
343 2006 424 2050 uater
443 1997 553 2050 adversi
564 1997 678 2050 seditin
696 2014 745 2050 ore
762 1996 824 2050 viri.
994 2002 997 2009 ⁴

217 2067 268 2122 me
284 2017 369 2134 caelis,
391 2058 543 2138 nlistosque
564 2057 652 2119 vdmit
665 2084 730 2119 cum
745 2060 878 2136 sanguiue
890 2061 1006 2129 iumos3

254 2139 289 2188 Et
299 2136 357 2188 lato
369 2137 493 2188 moriens
507 2144 624 2204 pectore
643 2135 751 2217 plangit
772 2135 900 2188 humum.

217 2206 350 2260 immolat
362 2212 395 2259 en
409 2202 465 2257 illis
481 2214 595 2257 taurum
603 2205 664 2269 tibi,
682 2205 794 2274 Iupiter,
811 2218 902 2255 unum

147 2277 201 2333 680
252 2274 358 2338 Victor,
379 2283 407 2327 et
424 2274 582 2327 Evandrum
599 2273 735 2326 ruricolas
775 2278 901 2326 evocat.

217 2345 421 2414 Constituitque
432 2345 505 2409 sibi,>
519 2361 590 2426 guae
603 2345 723 2395 Maxima
756 2344 847 2407 icitur,
867 2356 954 2406 uram,

250 2413 304 2466 Hic
317 2413 366 2465 uhi
383 2428 447 2482 pars
462 2413 543 2467 Urbis
562 2413 597 2465 de
613 2413 684 2464 hove
699 2429 801 2464 nomen
815 2411 908 2464 habet.
938 2436 941 2439 v

1066 1917 1074 1947 l

133 2550 138 2557 Ι
216 2483 275 2537 Nec
290 2490 367 2534 tacet
379 2482 499 2534 Evandri
511 2491 612 2550 mater,
637 2498 726 2551 prope
739 2489 850 2559 tempus
863 2479 968 2545 adesse,

252 2551 371 2604 Hercule
385 2569 441 2621 quo
454 2551 536 2604 tellus
551 2551 587 2602 sit
606 2551 670 2602 satis
690 2567 741 2602 usa
760 2568 819 2606 suo.

146 2622 200 2679 585
216 2620 448 2686 Artennites,
472 2629 505 2671 ut
523 2620 564 2671 dls
582 2619 740 2692 gratissima
757 2620 833 2685 vixit,

250 2689 373 2744 Possidet
387 2690 464 2742 hunc
478 2689 538 2743 Iani
549 2689 591 2742 sic
607 2690 658 2745 dea
676 2706 769 2746 mense
787 2689 870 2742 diem.

212 2806 312 2882 Idibus
329 2825 360 2878 in
376 2843 424 2878 rna
464 2825 474 2878 i
491 2834 581 2879 castus
598 2825 670 2877 iovis
688 2824 754 2880 aede
768 2823 897 2879 sacerdos

249 2894 411 2948 semimaris
447 2896 545 2948 aminis
558 2896 666 2948 viscera
676 2895 747 2947 libat
760 2895 831 2947 ovis:
957 2940 968 2964 ,

216 2965 391 3034 Redditaque
405 2974 447 3017 est
458 2965 547 3018 omnis
563 2965 671 3034 ‘populo
690 2964 835 3033 provincia
850 2968 962 3027 nostro;

146 3035 201 3092 590
251 3037 285 3085 Et
306 3043 370 3085 tuus
381 3038 503 3104 Augusto
523 3036 638 3085 nomine
652 3034 743 3086 dictus
757 3049 832 3087 avus

216 3102 332 3174 Perlege
347 3102 494 3171 dispositas
511 3118 645 3185 generosa
662 3119 713 3172 per
729 3102 801 3155 atria
812 3115 908 3166 ceras;

252 3172 434 3242 Contigerunt
447 3173 525 3235 ‘nulli
540 3173 655 3224 nomina
667 3181 745 3224 tanta
762 3173 833 3225 viro.

215 3239 312 3293 Africa
324 3241 462 3294 victorem
475 3242 509 3294 de
518 3258 556 3292 sc
569 3251 667 3295 vocat:
699 3242 771 3293 alter
789 3245 907 3303 Isauras,

252 3315 306 3363 Aut
322 3311 434 3362 Cretum
446 3310 566 3362 domitas
579 3312 748 3363 testificatur
759 3327 834 3379 opes.

149 3381 202 3440 595
219 3381 301 3435 Hunc
313 3379 452 3435 Numidae
468 3379 687 3451 faciunt,.illum
698 3383 825 3436 Messana
835 3376 1006 3450 superbum
