2334 3842
331 212 587 309 ;‚atsuoauu
600 242 690 305 ‚aras
708 248 742 311 u

64 384 146 436 Ablue
157 382 304 454 praeteriti
315 377 437 454 periliria
449 390 595 457 ternpptis,
610 387 709 462 mnis.
735 445 739 453 ¹
841 428 852 457 ᾗ
873 419 876 433 ·

97 454 179 505 Ablue
191 455 344 522 praeterita
359 456 567 522 perfidaverba
581 458 636 511 die.
663 504 680 515 ,,
792 512 797 519 ,
921 494 941 519 a»
967 482 1015 531 ..ς

64 523 121 574 Sive
134 540 185 593 ego
200 533 227 574 te
239 523 421 591 fecite'sten‘r,
439 525 545 595 falsove
559 526 656 580 'citavi'
831 530 835 535 '
879 526 943 593 '2¹³

95 593 154 644 Non
166 592 290 644 audituri
301 593 534 666 nurniud‘magna'
546 597 633 661 lorit3
659 604 672 621 ·'
724 612 732 645 ;
754 598 769 625 ·“

64 660 215 723 slledffllm
226 661 348 730 beidiilss]
361 663 709 733 &immidivamveiefellig
751 682 756 687 ’
788 704 818 721 ,,
844 699 869 723 Ι,

95 730 264 782 Abstulerint
278 731 615 805 peleresirpprobadieta
627 738 702 797 tlou'.
862 718 927 801 ,iti

64 801 94 850 Et
107 808 221 868 pereant
237 799 365 857 veniente
376 802 421 854 die
436 803 560 872 periuria
575 790 671 857 nobis:

31 924 32 927 ,
94 873 150 922 Nec
167 878 268 922 curent
281 870 388 938 Superi,
407 873 430 923 si
483 873 689 933 alocrrtbsero.
718 874 750 885 ''
814 914 818 921 .

66 938 101 988 Da
113 937 196 990 modo
209 939 290 990 lucra
303 939 381 1007 must,
400 940 435 992 da
479 944 525 993 c'to
539 942 750 1022 gaudialuer'o3

95 1008 209 1074 Etface,
228 1017 261 1059 ut
274 1009 377 1060 emtori
386 1008 696 1083 rerbaydedissdiuiet(
719 1018 730 1042 ¹
771 1030 777 1041 ¹
826 1030 828 1037 ·

68 1075 140 1127 Talia
152 1077 306 1129 Mercurius
319 1088 485 1146 poscentem*
494 1080 568 1132 ridet
582 1080 618 1133 ab
632 1080 710 1147 alto,
731 1096 733 1103 ·
769 1082 772 1095 ’
798 1086 803 1111 ²
824 1082 835 1111 ⁵

96 1148 128 1197 Se
138 1162 249 1198 memor
264 1148 673 1221 Ortygiassurripuisseberes.
694 1194 697 1205 .

31 1288 32 1295 ’
67 1255 108 1331 dt
119 1281 186 1334 mihi
200 1282 307 1351 pands,·
319 1300 431 1352 precor,
449 1293 528 1338 tanto
544 1285 664 1339 meliora
675 1291 790 1357 petenti,

95 1353 124 1401 lu
137 1351 268 1404 Geminos
283 1369 316 1404 ex
328 1371 383 1422 quo
398 1363 526 1423 tempore
539 1356 665 1415 Phoebus
678 1360 744 1410 eat?

67 1417 129 1471 Cum
141 1421 259 1472 totidem
272 1421 414 1475 demensa
427 1423 485 1476 dies
497 1441 640 1492 superesse
650 1426 763 1493 videbis,

96 1492 166 1552 Quot
178 1498 245 1541 sunt
259 1492 389 1544 Herculei
401 1492 479 1546 facta
491 1492 604 1560 laboris,
622 1495 668 1548 ait

66 1555 117 1621 llic,
135 1576 186 1629 ego
202 1560 344 1628 respondi,
362 1579 475 1613 causam
488 1563 557 1614 mihi
570 1562 667 1615 sideris
677 1564 768 1618 buius.

31 1658 33 1697 ,
94 1629 207 1680 Causam
221 1629 344 1681 facundo
358 1631 483 1697 prodidit
493 1649 543 1683 ore
559 1631 642 1685 deus:

31 1720 32 1723 ¹
66 1693 233 1749 Abstulerant
245 1716 277 1750 ra
297 1707 339 1750 tas
349 1699 479 1752 Phoeben
488 1700 668 1770 Phoebesque
678 1716 806 1769 sororem

95 1766 265 1833 Tyndaridae
276 1716 387 1835 iratres,
406 1768 451 1822 hic
469 1786 561 1839 eques,
579 1770 628 1822 ille
643 1770 731 1840 pugil.

67 1832 132 1886 Bella
144 1844 251 1904 parant,
270 1845 457 1907 repetuntque
469 1856 532 1892 suas
547 1848 575 1891 et
586 1839 676 1892 frater
688 1848 716 1891 et
728 1839 806 1902 ldas3
876 1880 879 1893 ,

94 1905 231 1975 Leucippo
243 1905 308 1958 fieri
322 1914 420 1974 pactus
431 1916 658 1978 nummu

67 1970 108 2024 llis
119 1991 205 2042 arnor,
223 1983 255 2026 ut
264 1984 401 2044 repetant,
420 1975 484 2041 illis,
503 1986 537 2029 ut
551 1977 668 2029 reddere
681 1977 781 2046 nolint,

96 2043 206 2095 suadet:
226 2053 255 2095 et
268 2061 301 2096 ex
314 2061 397 2096 causa
406 2054 513 2116 pugnat
524 2055 644 2115 uterque
657 2046 728 2115 pari.

31 2176 32 2181 Ἰ
67 2107 185 2182 Effugere
199 2112 348 2166 Oebalidae
364 2131 447 2166 cursu
463 2123 582 2183 potuere
598 2122 760 2184 sequentes3

31 2192 32 2235 1
95 2181 144 2233 Sed
156 2181 247 2234 visum
263 2182 348 2234 celeri
364 2183 477 2235 vincere
487 2192 569 2252 turpe
581 2183 659 2254 fuga.

31 2250 32 2269 ³
67 2246 139 2301 Liber
150 2251 187 2302 ab
198 2251 345 2304 arboribus
357 2251 437 2313 locus
451 2261 504 2317 est,
522 2270 538 2304 a
557 2261 663 2305 taurea
678 2267 797 2322 pugnae.

31 2334 32 2359 1
95 2319 277 2372 Constiterant
286 2320 360 2373 illic:
377 2334 483 2372 nomen
498 2324 539 2390 Ap
562 2321 626 2372 'dna
636 2320 711 2374 loco.

31 2396 32 2399 ’
68 2383 171 2440 Pectora
179 2390 314 2442 traiectus
327 2393 438 2458 Lynceo
451 2392 546 2442 Castor
556 2390 592 2442 ab
607 2407 671 2442 ense

94 2457 152 2509 Non
165 2467 322 2528 exspectato
337 2459 452 2510 vulnere
465 2459 565 2528 pressit
576 2459 703 2512 humum.

31 2564 32 2569 η
69 2521 137 2578 Ultor
151 2527 230 2580 adest
240 2528 352 2580 Pollux:
373 2536 401 2580 et
412 2531 523 2596 Lyncea
533 2529 660 2598 perforat
672 2529 769 2601 hasta,

31 2594 32 2609 ¹
97 2597 152 2657 Qua
162 2597 256 2649 cervix
266 2596 399 2651 humeros
411 2598 573 2651 continuata
586 2598 697 2668 premit.

70 2658 120 2714 lbet
131 2665 160 2716 iu
172 2666 249 2718 hunc
262 2666 332 2730 Idas,
350 2667 450 2735 vixque
462 2676 505 2723 est
515 2666 585 2719 Iovis
603 2669 669 2738 igne
681 2665 824 2735 repulsus:

96 2733 158 2786 Tela
171 2743 268 2787 tamen
282 2735 393 2787 dextrae
406 2735 524 2788 fulmine
538 2732 619 2804 rapta
631 2745 743 2806 negant.

70 2798 169 2872 Iamque
182 2804 235 2857 tibi
248 2804 368 2870 coelum,
385 2804 490 2871 Pollux,
507 2805 627 2857 usblime
638 2805 769 2872 patebat3

98 2872 169 2938 (lum,
181 2874 253 2938 Mea,
272 2873 372 2940 dixisti,
389 2874 503 2942 percipe
515 2874 609 2938 verba,
626 2876 715 2926 Pater.

72 2937 140 3000 Quod
151 2942 220 2994 mihi
231 2942 280 2994 das
291 2943 349 3008 uni,
367 2942 480 2995 coelum
493 2943 599 3011 partire
610 2941 731 2995 duobru:

98 3009 240 3063 Dimidium
250 3019 312 3063 toto
322 3028 438 3063 munere
450 3013 538 3063 maius
551 3011 612 3064 erit.

72 3071 139 3142 Dixit,
154 3087 182 3131 et
191 3079 300 3132 alterna
308 3080 426 3132 fratrem
440 3080 557 3132 statione
569 3078 704 3132 redemit:

99 3146 164 3199 Utile
179 3148 316 3201 sollicitae
328 3149 402 3201 sidus
414 3157 532 3218 uterque
544 3149 607 3201 rati.

72 3211 105 3262 ld
115 3218 208 3269 lanum
221 3218 327 3285 redeat,
346 3219 393 3288 qui
407 3219 524 3287 quaerit,
542 3215 651 3288 Agonia
661 3215 729 3287 quid
743 3215 812 3281 sinte

30 3324 32 3331 s
100 3285 170 3344 Quae
183 3294 278 3339 tamen
290 3287 319 3338 in
332 3287 410 3338 fastis
423 3287 479 3339 hoc
494 3303 605 3356 quoque
621 3294 731 3355 ternpus
741 3285 852 3338 habeut.

31 3404 32 3423 ,
72 3345 149 3404 liccte
159 3364 290 3427 sequente
303 3355 378 3409 diem
394 3355 469 3410 canis
484 3356 647 3427 Erigoneius
661 3356 724 3408 exit.
