2334 3842
133 217 176 282 84
336 279 340 288 ,
405 192 592 274 novur
620 217 817 288 ursonis

132 364 185 422 330
239 367 316 430 Quae
330 364 458 416 facerent
471 374 551 431 pure,
570 372 636 416 cum
649 362 725 414 foret
737 371 799 415 orte
813 361 880 415 dies.
967 375 1000 421 '.

197 436 297 489 ‘Noctis
312 442 372 486 erat
385 433 525 486 medium:
544 433 612 502 quid
625 450 682 484 non
697 449 777 484 amor
788 431 934 501 improbus
945 429 1054 484 audet?

235 503 353 556 Roscida
364 518 415 570 per
422 498 552 555 tenebras
568 505 675 553 Faunus
690 501 726 552 ad
740 510 823 553 entra
836 502 921 555 venit.

200 577 292 643 thue
306 572 381 623 videt
394 586 492 623 somno
508 571 624 623 comites
638 572 758 641 vinoque
772 570 893 635 solutos3

235 647 319 711 Spem
333 640 408 709 capit
420 641 448 690 in
466 639 586 692 dominis
604 658 661 692 esse
673 640 781 708 soporis
793 640 878 694 idem.

130 711 183 767 335
199 715 297 777 Intrat,
316 719 344 761 et
358 709 414 761 buc
424 709 492 765 illuc
507 710 671 761 temerarius
683 719 760 761 errat
774 709 899 761 adulter:

234 783 268 832 Et
280 779 406 848 praefert
420 787 516 831 cautas
529 780 761 848 subsequiturque
772 779 880 832 manus.

199 851 321 904 Venerat
335 849 371 903 ad
383 847 466 900 strati
477 857 591 917 captata
605 848 708 900 cubilia
720 847 803 912 lecti3

233 918 267 970 Et
281 919 374 987 prima
388 916 456 971 felii
468 927 543 970 sorte
556 918 667 968 futurus
679 926 748 971 erat.
936 927 947 954 ⁶

197 990 234 1040 Ut
246 988 341 1058 tetigit
356 987 427 1039 fulvi
437 988 501 1040 setis
514 987 621 1039 hirsuta
633 986 722 1038 leonis
864 996 867 1001 ·

128 1055 183 1114 340
232 1057 352 1123 Vellera,
371 1058 522 1126 pertimuit,
541 1056 728 1124 sustinuitque
741 1070 873 1119 nasutum

197 1126 391 1196 Attonitusque
397 1135 480 1181 ,metu
490 1126 582 1191 rediit,
600 1133 632 1176 ut
645 1142 727 1193 saepe
741 1125 833 1176 viator

232 1196 388 1249 Turbatam
401 1196 459 1246 viso
472 1195 569 1247 retulit
580 1211 672 1264 ungue
686 1193 795 1262 pedem.

197 1264 265 1317 lnde
277 1265 349 1334 tori,
363 1265 412 1335 qui
423 1265 533 1318 iunctus
547 1273 615 1329 erat,
634 1262 774 1315 velamina
792 1261 885 1332 tangit

231 1334 336 1399 Mollia,
355 1333 487 1386 mendaci
499 1333 693 1403 decipiturque
707 1339 782 1385 nota.

128 1403 184 1462 345
196 1403 355 1470 Adscendit,
371 1403 461 1473 spond
509 1421 534 1455 ie
547 1402 601 1455 sibi
613 1404 745 1471 propiore
757 1399 915 1464 recumbit3

230 1476 265 1525 Et
275 1473 365 1544 rigido
378 1491 468 1525 cornu
503 1472 577 1524 urius
591 1473 696 1541 inguen
714 1479 783 1526 erat.

196 1545 305 1594 Interea
316 1542 426 1594 tunicas
440 1558 491 1595 ora
505 1541 637 1593 subducit
649 1541 685 1592 ab
698 1541 772 1591 ima:

85 1629 92 1637 ’
184 1642 188 1649 ⁴
231 1612 390 1664 Horrebant
402 1610 493 1663 densis
507 1626 606 1679 aspera
620 1627 703 1661 crura
717 1609 790 1678 pilis.

198 1683 311 1732 Caetera
324 1687 487 1735 tentantem
501 1679 598 1731 eubito
613 1679 774 1746 Tirynthius
786 1677 872 1730 heros
920 1736 922 1739 ¹

127 1749 180 1806 350
229 1746 351 1818 Repulit,
369 1758 397 1801 et
408 1765 519 1803 summo
530 1747 635 1801 decidit
647 1748 695 1801 ille
705 1755 778 1801 toro.

196 1818 244 1871 Fit
255 1835 351 1871 sonus:
369 1818 505 1870 inclamet
516 1818 643 1881 comites,
661 1826 689 1869 et
701 1817 808 1868 lumine
819 1815 911 1885 poscit

230 1889 361 1942 Maeonis.
394 1887 482 1939 Illatis
495 1887 606 1958 ignibus
616 1896 680 1939 acta
690 1894 800 1954 ¹patent.

194 1955 245 2008 Ille
261 1957 349 2027 gemit
361 1956 437 2009 lecto
453 1956 575 2027 graviter
588 1956 713 2008 deiectus
730 1956 765 2007 ab
781 1955 856 2008 alto:

231 2027 413 2095 Membraque
428 2025 463 2078 de
479 2025 549 2078 dura
566 2026 611 2078 vix
626 2043 676 2078 sua
690 2025 765 2078 tollit
778 2024 874 2077 humo.

125 2095 178 2151 355
194 2094 278 2148 Ridet
288 2104 316 2148 et
328 2095 446 2162 Alcides,
465 2104 492 2147 et
507 2094 556 2165 qui
570 2095 665 2148 videre
678 2093 834 2146 iacentem:

229 2164 312 2218 Ridet
322 2173 477 2219 annotarem
491 2165 569 2234 Lyda
582 2165 677 2235 puella
690 2180 781 2217 suum.

194 2235 277 2287 Veste
291 2235 357 2287 deus
371 2234 447 2291 lusus
459 2234 589 2289 fallentes
602 2234 709 2287 lumina
722 2241 811 2286 vestes

229 2305 293 2356 Non
306 2312 390 2368 amat,
410 2313 438 2356 et
450 2304 538 2356 nudos
555 2304 591 2356 ad
605 2320 656 2356 sua
668 2320 749 2355 sacra
765 2307 857 2354 vocat.

193 2372 272 2425 Adde
286 2373 451 2444 peregrinae
465 2390 586 2437 causam,
604 2390 668 2427 mea
681 2375 767 2437 Musa,
785 2369 923 2437 Latinam,

125 2441 179 2501 860
229 2447 317 2522 Inque
330 2460 379 2494 suo
393 2452 488 2495 noster
500 2443 616 2512 pulvere
633 2450 729 2494 currat
744 2458 758 2492 e
798 2457 840 2496 us.

194 2512 343 2580 cornipedi
354 2514 448 2564 Fauno
465 2528 546 2564 caesa
557 2512 592 2565 de
604 2529 683 2564 more
698 2528 767 2578 cape
790 2528 807 2562 a
899 2544 901 2548 -

226 2582 310 2634 Venit
321 2580 358 2633 ad
371 2582 482 2651 exiguas
494 2582 577 2633 turba
591 2590 692 2633 vocata
704 2580 797 2649 dapes.

193 2652 323 2720 Dumque
337 2651 498 2703 sacerdotes
510 2651 631 2703 verubus
644 2658 783 2702 transsuta
796 2647 909 2719 'salim

224 2722 295 2772 Exta
309 2728 419 2790 parant,
438 2720 531 2773 media
545 2719 605 2772 sole
620 2728 734 2773 tenente
747 2720 823 2785 vias3

124 2789 177 2845 365
193 2790 337 2855 Romulus,
356 2790 492 2856 etfrater,
510 2789 714 2858 pastoralisque
725 2789 865 2852 iuventus,

116 2864 121 2871 ’
166 2896 173 2910 .
228 2858 337 2911 Solibus
352 2868 380 2911 et
395 2868 495 2928 carnpo
510 2875 631 2928 corpora
644 2857 719 2910 nuda
731 2858 849 2910 dabant:

194 2928 358 2997 [Gaestibus,
377 2938 405 2981 et
414 2928 522 2994 iaculis,
542 2937 570 2980 et
584 2927 659 2980 missi
673 2927 798 2996 pondere
812 2925 869 2977 saxi

226 2997 343 3049 Brachia
358 3014 410 3066 per
425 2997 501 3049 lusus
519 2996 688 3067 experienda
702 2995 827 3063 dabant]

190 3067 290 3118 Pastor
305 3067 340 3119 ab
351 3066 469 3134 excelso,
486 3069 538 3119 Per
552 3067 634 3120 devia
646 3083 715 3118 rura
730 3066 873 3131 iuvencos,

122 3134 176 3192 370
226 3135 353 3201 Romule,
371 3136 534 3205 praedones,
552 3137 638 3205 eripe,
657 3135 734 3200 dixit,
753 3141 848 3204 agunt.

192 3206 321 3275 Longum
338 3214 400 3257 erat
412 3206 524 3260 murari.
562 3206 678 3257 Diversis
690 3205 746 3256 exit
763 3212 885 3272 uterque

225 3274 360 3326 Partibus.
395 3278 518 3326 Accursu
531 3276 637 3342 praeda
649 3282 764 3342 recepta
778 3272 868 3326 Remis
937 3322 945 3331 ,

191 3345 230 3396 Ut
242 3343 334 3411 rediit,
353 3344 477 3397 renibus
485 3343 636 3398 stridentia
648 3343 772 3399 detrabit
784 3350 862 3397 exta:
