2334 3842
50 281 101 302 s,
162 250 298 306 uersu
320 251 377 306 er
404 252 564 309 rouro
585 237 670 309 int.
692 256 745 309 111.
768 257 916 313 eevn
973 260 1038 323 273

16 447 18 450 ,
76 399 121 452 Tu
132 397 226 463 modo,
245 411 330 469 quem
343 403 455 467 poteras
467 400 514 451 rel
527 407 624 469 aperte
635 410 712 457 tutus
725 399 830 472 amne,
893 456 895 462 ,

113 468 142 519 si
152 484 198 521 res
212 475 259 566 “i
266 483 368 536 anceps
382 467 444 535 ista,
461 467 583 523 latenter
598 488 672 525 ama.
830 515 835 526 .
1002 478 1040 538 60

296 621 680 718 'emenone
728 644 801 712 vn.

414 763 436 812 Α
471 761 500 813 Μ
533 764 547 813 Ι
581 762 602 812 G
636 764 649 813 I
683 767 711 815 S.

16 929 17 932 ,
59 867 61 876 ’
76 844 267 932 Verbamihi
281 879 381 932 desunt
393 880 493 934 eadem
510 887 570 932 tarn
582 896 667 949 saepe
681 883 803 953 roganti,

111 956 228 1019 Iamque
239 948 328 1017 pudet
337 965 421 1002 vonas
439 949 498 1001 fine
509 966 606 1002 cerere
619 967 726 1019 preces.

16 1049 17 1062 π
75 1018 181 1075 Taedia
194 1018 332 1071 consimili
350 1019 414 1071 fieri
425 1019 461 1070 de
481 1018 606 1071 carmine
618 1019 707 1086 vobis,

112 1087 242 1156 Quidque
266 1096 370 1157 petum,
389 1095 505 1140 cunctos
519 1088 666 1141 edidicisse
680 1105 756 1141 reor.
826 1111 831 1119 ·
1104 1146 1108 1162 Ι

76 1161 236 1226 Nostraque
253 1157 320 1226 quid
332 1165 429 1226 portet
440 1157 499 1208 inm
511 1158 599 1209 nostis
611 1158 738 1227 epistole,
759 1159 887 1229 misturis
1020 1159 1040 1217 5

110 1228 216 1279 Charta
227 1226 263 1277 sit
274 1243 292 1277 e
308 1226 406 1278 vinclis
416 1242 475 1278 non
487 1226 628 1279 labefacta
641 1227 706 1282 suis.

75 1300 151 1369 E1go
163 1302 289 1358 muitetur
301 1294 392 1347 nostri
407 1295 546 1347 sententie
562 1296 671 1364 scripti,-

111 1368 154 1419 Ne
167 1364 255 1416 toties
266 1372 373 1430 cunno,
389 1381 475 1434 quam
492 1365 566 1433 rapit
580 1366 679 1438 amnis,
696 1380 768 1418 eom.
911 1426 913 1434 γ

77 1435 160 1503 Quod
175 1435 247 1486 bene
264 1431 394 1486 devehis
412 1434 530 1503 speravi,
548 1434 694 1505 ignoscite,
710 1434 812 1489 errrici:

108 1503 190 1557 Talia
203 1502 340 1571 peccandi
351 1502 410 1555 iem
423 1503 495 1556 mihi
506 1503 569 1556 finis
581 1504 644 1557 erit.

75 1576 135 1628 Nec
149 1572 242 1644 gravis
255 1572 336 1624 uxori
350 1571 444 1625 dicer:
471 1590 543 1643 quse
557 1572 667 1626 scilicet
688 1573 719 1625 in
732 1589 780 1626 me

111 1646 204 1707 Quem
214 1641 311 1710 probe,
328 1649 388 1695 tam
401 1641 500 1696 timide
518 1651 569 1709 est,
589 1642 791 1713 experiensque
824 1659 914 1704 amm.

75 1715 153 1774 Haec
167 1727 288 1792 quoqne,
310 1713 394 1777 Naso,
417 1711 509 1768 feres:
543 1712 649 1765 etenim
665 1712 784 1782 peieret
819 1712 873 1769 sti.

110 1787 173 1834 Iam
185 1780 237 1832 tibi
259 1780 357 1833 sentiri
368 1782 478 1834 sarcina
496 1781 575 1834 nulle
594 1790 697 1850 potest.

75 1854 182 1904 Ductus
206 1848 241 1899 ah
252 1858 380 1903 armento
389 1859 487 1904 taurus
499 1851 638 1905 detrectet
649 1861 790 1908 aratrum

111 1918 256 1972 subtrahit
276 1927 305 1970 et
316 1919 387 1972 duro
402 1920 476 1973 colla
489 1921 601 1974 novelle
611 1922 687 1991 iugo.

75 1992 143 2054 Nos,
169 1988 270 2058 quibus
286 1989 405 2040 assuevit
425 1989 517 2042 fatum
532 1989 684 2044 crudeliter
696 1991 749 2052 uti,

111 2056 154 2110 sd
165 2056 242 2109 male
253 2056 313 2107 iem
324 2057 435 2125 pridem
446 2075 505 2110 non
516 2075 612 2110 sumus
623 2059 682 2110 ulla
697 2061 790 2114 rudes.

76 2127 210 2181 Venimus
228 2124 256 2176 in
275 2126 387 2177 Geticos
400 2126 483 2191 fines3
508 2127 665 2179 moriemur
678 2128 708 2179 in
723 2128 794 2181 illie:

41 2239 42 2242 ,
111 2194 302 2264 Parcaquead
317 2204 483 2263 extremum,
502 2201 558 2266 quii
568 2212 634 2248 mea
651 2197 754 2265 coepit,
773 2203 828 2250 est.

77 2269 162 2335 Spem
173 2265 251 2315 iuvet
264 2264 410 2333 amplecti3
435 2282 506 2334 quse
521 2282 580 2318 non
591 2265 668 2317 iuvet
679 2266 760 2318 irrite
771 2281 900 2335 semper3

112 2337 147 2385 Et
160 2332 227 2385 fieri
235 2334 329 2402 cupies
342 2334 366 2385 si
376 2351 442 2403 qua,
457 2334 555 2387 futura
575 2344 665 2405 putes.

77 2403 221 2457 Proximus
232 2402 298 2455 huic
313 2402 416 2473 gredm
430 2413 484 2473 est,
510 2404 582 2456 bene
603 2403 752 2472 desperare
764 2404 892 2474 salutern,

111 2476 202 2542 Seque
217 2472 304 2524 semel
317 2489 383 2524 vera
395 2473 468 2527 scire
480 2473 586 2543 perisse
605 2474 671 2526 fide.

77 2541 206 2594 Curando
221 2540 283 2593 fieri
295 2541 434 2611 quaedam
446 2543 560 2596 meiere
573 2542 702 2594 videmus

110 2610 249 2677 Vulnera,
267 2619 344 2680 'quae
364 2611 466 2665 melius
478 2631 537 2667 non
547 2613 671 2693 tetigisse
685 2611 748 2666 fuit.

77 2680 171 2731 Mitius
189 2678 237 2730 ille
249 2680 332 2748 perit,
350 2681 442 2733 subita
476 2683 505 2734 ui
521 2692 661 2753 mergitur
674 2681 759 2746 unde,

112 2752 203 2813 Quem
216 2764 266 2800 sue
280 2748 327 2817 qui
340 2751 455 2802 tumidis
485 2752 582 2804 rechin
603 2751 688 2803 lasset
701 2750 788 2820 equis.

77 2818 131 2872 Cur
147 2835 200 2898 ego
213 2818 331 2885 concepi
345 2818 481 2886 Scythicis
493 2837 539 2872 me
565 2837 647 2889 posse
663 2836 761 2874 cerere

111 2886 234 2950 Fimbus,
254 2894 282 2938 et
293 2895 370 2939 terra
383 2890 559 2957 prosperiore
572 2889 650 2946 frui?

77 2958 132 3009 Gur
149 2954 255 3024 aliquid
269 2955 304 3007 de
318 2972 365 3007 me
377 2958 485 3025 speravi
503 2958 593 3010 lenius
609 2957 755 3027 unquam?

106 3030 152 3077 nn
167 3025 374 3077 Fortunamihi
388 3026 428 3077 sic
450 3044 514 3079 mea
524 3037 592 3079 nota
605 3024 699 3079 new
819 3029 824 3035 “

75 3096 224 3164 Torqueor
246 3110 281 3145 en
293 3094 416 3163 gravium
433 3096 610 3167 repetitaque
627 3096 722 3149 forma
741 3094 872 3154 locontur

108 3164 242 3216 Exsilium
253 3172 371 3224 renovet
379 3165 475 3233 triste,
498 3179 653 3235 recensque
664 3164 742 3219 facit.

76 3233 122 3285 Est
136 3242 232 3285 tamen
246 3231 354 3299 utilius,
373 3233 497 3287 studium
511 3251 632 3288 cessasse
643 3247 787 3301 meorum,

111 3307 212 3368 Quam,
233 3317 301 3381 ques
320 3303 462 3355 edmoriut
481 3321 539 3355 non
557 3304 675 3356 valuisse
689 3320 796 3372 preces.

78 3371 179 3443 Magna
196 3371 311 3441 quidem
321 3388 366 3426 res
380 3381 430 3443 est,
449 3391 535 3446 quem
546 3372 736 3442 contendetis,
753 3370 855 3426 amieis
