2334 3842
148 237 231 308 246¹
405 232 436 286 a.
457 228 614 284 0v1u11
641 229 840 285 nasorus
874 239 877 246 ⁴

253 378 391 432 Attulerat
403 376 504 447 culpae
518 391 603 446 quern
616 372 780 428 malesanae
793 369 892 441 me‘ae3

219 455 295 504 Inter
308 448 469 501 confessum
483 444 567 497 dubie
580 443 719 523 dubieque
731 455 882 517 negantem

253 518 425 583 Haereham,
441 515 555 596 pavidas
567 514 650 567 dante
664 523 765 567 timore
777 524 873 568 notas:
890 555 894 562 .
936 537 939 540 ¹

191 645 195 654 Ι
218 586 406 656 Exemploque
419 584 498 649 urvis,
516 600 601 653 quam
611 583 693 635 solvit
705 585 849 653 aquaticus
860 589 967 652 Auster,

167 661 203 718 90
254 660 339 708 Gutta
351 672 402 723 per
415 654 544 722 attonitas
553 653 613 705 ibat
627 653 726 705 oborta
740 669 834 724 genas.

218 728 293 779 Haec
306 726 392 795 igitur
405 723 545 789 referens,
564 731 593 774 et
606 722 681 791 quod
696 738 760 774 mea
772 723 892 775 crimina
904 722 988 793 primi

247 793 360 846 'Erroris
373 791 453 843 venia
465 808 545 859 posse
556 791 643 842 latere
656 790 747 855 vides3

218 862 340 931 Respicis
355 861 501 929 antiquum
512 860 595 929 lapsis
609 860 638 910 in
653 860 736 911 rebus
751 859 883 925 amicum,

252 930 448 999 Fomentisque
459 930 538 981 iuvas
550 929 667 980 vulnera
680 937 775 980 nostra
789 929 852 981 tuis.

75 1000 80 1005 ’
166 1002 200 1061 95
216 1004 269 1056 Pro
284 1000 382 1070 quibus
394 998 509 1068 optandi
519 998 543 1051 si
552 998 631 1050 nobis
645 998 726 1067 copia
736 998 793 1062 fiat,

251 1073 321 1122 Tam
333 1068 403 1120 bene
420 1067 574 1137 promerito
590 1067 741 1136 commoda
754 1066 832 1118 mille
844 1082 951 1134 precer.

218 1139 272 1193 Sed
287 1139 310 1189 si
319 1137 379 1189 sola
393 1137 462 1189 mihi
476 1137 577 1189 dentur
592 1144 729 1200 tuavota3
745 1135 892 1205 precabor,

188 1237 191 1246 .
252 1211 290 1260 Ut
306 1206 359 1258 tibi
374 1206 409 1258 sit
422 1206 497 1257 salvo
515 1208 629 1256 Caesare
642 1205 717 1256 salva
729 1221 837 1274 parens.

216 1279 292 1330 Haec
309 1292 323 1328 e
344 1292 376 1340 o,
395 1292 460 1328 cum
475 1276 581 1327 faceres
597 1271 696 1325 altaria
707 1275 821 1345 pinguia
834 1282 907 1341 ture,

151 1348 202 1402 100
252 1348 291 1398 Te
304 1293 417 1397 editum
428 1344 543 1397 memini
556 1343 648 1413 prima
657 1360 758 1413 rogare
774 1343 850 1397 deos.

355 1513 775 1592 EPlSTOLA
825 1514 879 1583 Ν

475 1629 777 1689 laureo

218 1718 340 1822 Accipe
353 1753 524 1823 colloquium
543 1752 637 1824 gelido
650 1752 765 1805 Nasonis
781 1753 816 1806 ab
830 1757 911 1825 Istro,

95 1881 98 1890 Δ
252 1823 356 1883 Attice,
374 1822 477 1874 iudicio
495 1840 552 1873 uon
566 1821 719 1873 dubitande
737 1839 811 1874 meo.

124 1886 128 1890 ’
216 1891 322 1959 Ecquid
333 1890 423 1943 adhuc
436 1907 563 1942 remanes
575 1908 686 1942 memor
698 1890 816 1943 infelicis
828 1893 934 1947 amici?

251 1960 357 2009 Deserit
370 1977 406 2010 an
418 1959 510 2027 partes
523 1959 655 2029 languida
668 1977 735 2011 cura
748 1961 830 2012 suus?

184 2028 201 2083 6
218 2029 280 2080 Non
289 2028 329 2078 ita
340 2027 368 2079 dr
383 2028 473 2082 tristes
487 2029 554 2081 mihi
568 2037 645 2094 sunt,
663 2038 695 2079 ut
706 2028 822 2081 credere
837 2032 951 2099 possim,

252 2100 358 2167 Fasque
371 2107 466 2166 putem
481 2100 538 2150 iam
548 2107 577 2150 te
590 2115 648 2149 non
659 2098 818 2151 meminisse
831 2100 898 2153 mei.

217 2169 286 2218 Ante
298 2183 374 2218 meos
388 2167 482 2219 oculos
494 2176 541 2219 tua
552 2176 614 2231 stat,
632 2175 681 2217 tua
694 2183 805 2235 semper
820 2167 915 2241 imago
929 2178 980 2221 est:
1048 2177 1050 2182 ’

250 2238 285 2287 Et
298 2236 394 2288 videor
405 2237 496 2288 vultus
508 2244 601 2300 mente
617 2236 711 2287 videre
719 2244 791 2288 tuos.

217 2304 295 2356 Seria
306 2305 393 2356 multa
409 2305 476 2356 mihi
490 2314 584 2357 tecum
600 2304 702 2364 collata
711 2304 860 2362 recordor:

168 2367 204 2428 10¹
251 2376 276 2425 N
279 2391 310 2426 ec
323 2374 385 2424 data
396 2373 521 2425 iucundis
534 2382 662 2441 tempora
680 2391 769 2441 pauca
783 2374 863 2430 iocis.

216 2442 302 2511 Saepe
315 2443 385 2496 citae
399 2441 489 2513 longis
501 2442 575 2495 visae
586 2439 762 2494 sermonibus
771 2442 873 2495 horae:

252 2514 338 2579 Saepe
352 2505 406 2562 fait
418 2511 543 2575 brevior,
557 2528 645 2592 nquam
661 2528 722 2563 mea
737 2512 838 2579 rerba,
858 2512 929 2566 dian

218 2582 304 2648 Saepe
318 2587 378 2630 tuas
390 2579 499 2631 factum
514 2590 591 2632 vemt
608 2580 693 2631 modo
709 2597 825 2632 carmen
839 2581 875 2633 ad
890 2598 987 2647 aures;

135 2705 138 2711 ,
210 2673 214 2676 -
250 2652 284 2699 Et
298 2666 370 2700 nova
383 2648 486 2700 iudicio
503 2649 613 2702 subdita
627 2653 705 2700 Musa
716 2658 764 2702 tuo
779 2657 828 2701 est.

171 2715 202 2770 15
221 2716 302 2780 Quod
316 2727 347 2769 tu
359 2716 502 2783 laudares,
521 2717 625 2786 populo
641 2717 778 2786 placuisse
793 2719 938 2787 putabam:

251 2789 310 2838 Hoc
324 2786 445 2855 pretium
459 2801 543 2839 curae
556 2786 639 2838 dulce
653 2788 773 2838 recentis
787 2797 856 2841 erat.

217 2856 309 2921 thue
324 2856 482 2925 meusylima
496 2872 572 2906 rasus
586 2855 658 2908 liber
670 2865 740 2906 esset
751 2856 844 2923 amici,

251 2924 314 2974 Non
325 2924 411 2975 semel
423 2924 566 2976 admonitu
578 2925 653 2978 facta
663 2923 748 2975 litura
755 2932 805 2976 tuo
819 2933 870 2978 est,

217 2981 277 3042 Nos.
289 2992 350 3050 fora
362 2993 491 3045 viderunt
509 2992 630 3061 pariter,
648 3010 699 3044 nos
712 2993 836 3060 porticus
852 2993 950 3060 omnis,

166 3055 202 3111 20
252 3060 308 3110 Nos
319 3061 376 3126 via,
394 3080 444 3113 nos
457 3062 558 3116 iunctis
568 3079 658 3118 'curva
669 3061 780 3115 theatra
791 3062 869 3115 locis.

215 3127 340 3196 Denique
353 3138 444 3181 tantus
458 3148 536 3181 amor
549 3130 643 3194 nobis,
658 3130 818 3192 carissime,
841 3146 959 3201 semper,

174 3246 175 3249 ,
253 3198 376 3257 Quarrtus
387 3198 415 3247 in
425 3196 542 3250 Aeacide
555 3199 738 3268 Actoridaeque
754 3200 824 3265 fuit.Y

193 3325 194 3328 Ἴ
218 3264 282 3315 Non
296 3280 363 3330 ego,
381 3280 492 3317 securae
504 3268 613 3318 biberes
626 3267 648 3317 si
666 3268 769 3334 pocula
780 3267 888 3335 Lethes,

204 3349 208 3354 ’
250 3330 383 3386 Excidere
394 3332 462 3385 haee
475 3333 717 3406 credampectore
728 3353 808 3407 posse
821 3339 881 3394 tuo.
