2334 3842
369 229 626 307 sasroaura,
649 232 734 307 ara,
758 233 799 307 u.
916 305 920 310 ,
1006 232 1050 296 27

123 378 235 432 Februa
247 377 373 448 pascenti
386 379 469 449 pinea
481 378 561 449 virga
574 377 641 432 data
655 388 705 433 est.
965 427 968 431 ⁴

84 450 219 519 Denique
231 448 418 518 quodcunque
431 457 479 515 est,
500 466 556 518 quo
568 458 685 518 pectora
697 457 796 503 nostra
807 450 925 520 piamur,

122 521 186 570 Hoc
202 517 278 585 apud
291 517 414 569 intonsos
426 535 530 569 nomen
541 517 663 570 habehat
677 535 750 572 avos.
1013 519 1049 574 30

84 587 191 640 Mensis
206 587 241 638 ab
257 586 304 641 his
313 586 410 651 dictus,
427 594 506 638 ⁴secta
520 587 584 656 quia
597 587 671 667 pelle
683 588 802 656 Luperci
821 600 824 605 “

122 660 213 708 Omne
229 655 321 707 solum
334 656 461 722 lustrant,
479 656 564 725 idque
576 673 689 725 p1amen
706 657 824 722 habeut3

84 728 143 775 Aut
155 725 223 795 quia
235 724 351 793 placatis
365 734 429 776 sunt
444 732 572 794 tempora
586 743 658 794 pura
672 727 823 797 sepulcris,

121 796 203 846 Tunc
215 811 280 845 cum
292 793 394 846 ferales
408 794 579 862 praeteriere
596 795 663 847 dies.

86 864 178 915 Omne
192 862 281 929 nefas,
298 879 467 932 omnemque
479 863 547 915 mali
557 865 723 935 purgamina
736 881 848 918 causam

120 931 280 984 Credebant
290 932 378 984 nostri
386 930 486 984 tollere
497 949 579 1002 posse
591 950 679 988 senes.

85 1001 209 1054 Graecia
241 1001 391 1071 rincipium
405 1001 566 1055 morisfuit.
593 1003 802 1069 lllanocentes¹

119 1071 211 1140 Impia
221 1019 357 1123 instratos
371 1088 476 1141 ponere
490 1071 569 1124 facta
580 1081 669 1141 putat.

13 1160 15 1207 ᾗ
83 1140 240 1193 Actoriden
254 1140 358 1207 Peleus,
376 1141 471 1209 ipsum
483 1158 595 1211 quoque
609 1142 691 1196 Pelea
703 1140 790 1194 Phoci

13 1210 14 1271 J
121 1208 212 1262 Caede
233 1226 284 1278 per
296 1209 461 1261 Haemonias
474 1209 556 1262 solvit
568 1215 683 1264 Acastus
698 1227 794 1281 aqtuas.

13 1312 15 1333 τ
84 1279 206 1332 Vectem
220 1278 337 1331 frenatis
350 1296 401 1347 per
413 1279 497 1331 inane
504 1274 676 1332 draconibus
690 1270 802 1351 aegeus⁴¹

13 1396 15 1405 ,
120 1347 256 1400 Credulus
270 1348 412 1400 immerita
429 1346 545 1400 Phasida
555 1349 626 1401 iuvit
639 1366 701 1419 ope.

13 1414 15 1439 ³
85 1416 300 1485 Amphiaraides
314 1417 625 1486 Naupactoo'Acheloo,

13 1488 14 1499 ¹
118 1487 203 1539 Solve
216 1487 305 1554 nefas,
324 1486 401 1541 dixit.
434 1485 521 1539 Solvit
535 1486 623 1553 atille
637 1486 725 1553 nefas.
822 1529 831 1555 ,

13 1590 15 1603 t
80 1555 126 1608 Ah
138 1555 259 1608 nimium
272 1556 378 1623 faciles,
396 1557 444 1625 qui
457 1557 548 1609 tristia
564 1555 683 1610 crimina
699 1555 790 1611 caedis

117 1625 265 1678 Fluminea
279 1626 343 1678 tolli
354 1641 436 1694 posse
450 1626 551 1695 putetis
563 1629 653 1696 aqua!
736 1682 740 1693 ,

82 1694 139 1747 Sed
153 1703 259 1762 tamen,
277 1694 385 1764 antiqui
397 1711 433 1745 ne
443 1695 552 1747 nescius
566 1693 670 1747 ordinis
686 1709 771 1759 erres,

13 1830 14 1833 Ἴ
115 1764 234 1828 Primus,
252 1773 285 1816 ut
299 1773 349 1830 est,
367 1763 423 1815 lani
438 1765 540 1829 mensis
554 1772 582 1815 et
599 1773 664 1817 ante
675 1762 739 1815 fuit.

13 1848 15 1871 ὲ
82 1833 138 1898 Qui
153 1833 279 1902 sequitur
292 1837 399 1896 Ianum,
417 1832 517 1884 veteris
530 1834 587 1887 fuit
603 1834 716 1884 ultimus
729 1831 803 1899 anni,
830 1881 832 1887 ,
857 1886 861 1893 ,
925 1856 930 1861 2

13 1928 14 1933 =
116 1904 161 1954 Tu
176 1919 288 1983 quoque
300 1902 451 1969 sacrorum,
468 1903 607 1968 Termine,
624 1902 687 1953 finis
701 1917 772 1952 eras.

13 1936 17 2051 l
83 1971 196 2024 Primus
210 1988 287 2023 enun
301 1971 359 2022 Iani
375 1970 486 2036 mensis,
506 1971 570 2040 quia
584 1972 668 2027 ianua
682 1968 775 2039 prima
789 1978 839 2022 est.

121 2041 177 2104 Qui
193 2056 274 2093 sacer
289 2049 330 2103 est
343 2039 406 2091 imis
418 2040 551 2105 Manibus,
568 2039 642 2107 imus
657 2049 726 2091 erat.
813 2096 816 2100 ,

79 2109 232 2162 Postmodo
246 2110 400 2162 creduntur
413 2108 502 2177 spatio
517 2108 648 2161 distantia
662 2108 749 2179 longo

13 2200 14 2203 ¹
113 2181 256 2249 Tempora
267 2177 309 2231 bis
324 2178 402 2249 quini
416 2179 591 2232 continuasse
602 2178 670 2234 Viri.

80 2294 232 2386 Principio
246 2317 357 2382 mensis,
374 2314 510 2387 Phrygiae
523 2315 698 2369 contermina
711 2313 805 2380 Matri,
953 2308 961 2316 ’

116 2390 229 2455 Sospita
244 2387 366 2439 delubris
379 2382 481 2438 dicitur
495 2395 577 2439 aucta
591 2386 678 2438 novis.

13 2500 14 2523 ,
79 2457 162 2510 Nunc
179 2456 229 2507 ubi
239 2456 294 2508 sint
307 2456 370 2522 illis,
390 2456 508 2524 quaeris,
526 2464 635 2508 sacrata
649 2451 781 2523 Kalendis

113 2524 231 2592 Temple
241 2524 332 2577 deae?
350 2525 435 2645 longo
450 2525 626 2594 procubuere
641 2524 694 2576 die.
726 2588 733 2595 .

13 2602 15 2633 ³
80 2594 196 2646 Caetera
210 2611 246 2646 ne
261 2594 346 2646 simili
360 2592 397 2646 ca'
415 2603 494 2646 erent
506 2592 746 2663 ladesactaruina,

13 2694 14 2697 =
114 2662 192 2715 Cavit
205 2664 310 2715 sacrati
320 2663 438 2744 provida
451 2681 518 2715 cura
531 2663 625 2730 ducis;

13 2774 15 2797 ,
79 2731 137 2784 Sub
150 2749 206 2802 quo
225 2732 347 2784 delubris
360 2732 477 2785 sentitur
490 2733 568 2786 nulla
579 2741 716 2786 senectus.

35 2803 40 2809 ’
113 2803 173 2854 Nec
185 2802 250 2854 satis
264 2811 306 2862 est
317 2801 453 2868 homines,
471 2802 577 2873 obligat
590 2803 638 2854 ille
650 2802 727 2854 deos.

78 2870 261 2940 Templorum
273 2871 390 2940 positor,
407 2871 577 2940 templorum
588 2880 683 2926 sancte
695 2873 832 2940 repostor,

115 2939 157 2991 sit
170 2939 293 3020 Superis,
313 2947 390 3008 opto,
408 2949 508 2992 mutua
526 2958 595 2993 cura
608 2941 661 2994 tui.v

13 3062 14 3067 ,
76 3009 151 3061 Dent
167 3009 220 3061 tih1
233 3009 377 3075 coelestes,
397 3018 465 3078 quot
476 3016 509 3060 tu
521 3010 696 3074 coelestibus,
714 3021 809 3061 annos.

13 3074 14 3083 ’
102 3078 223 3148 'Proque
233 3088 283 3131 tua
295 3088 429 3133 maneant
441 3078 471 3130 in
485 3077 605 3133 statione
618 3077 711 3131 domo.

76 3149 150 3200 Tum
163 3164 275 3217 quoque
286 3148 371 3200 vicini
382 3148 460 3200 lucus
469 3147 632 3200 celebratur
643 3147 728 3217 Asyli,

13 3218 15 3273 Ξ
112 3219 175 3280 Qua
187 3218 257 3286 petit
272 3234 424 3287 aequoreas
437 3216 543 3270 advena
556 3217 785 3285 Thybrisaquas.
946 3276 948 3283 Ι

75 3285 119 3339 Ad
132 3286 276 3355 penetrale
287 3290 404 3351 Numae,
423 3286 662 3357 Capitolinumque
676 3289 844 3351 Tonantem,
857 3292 860 3306 ¹

13 3360 15 3487 p
110 3357 200 3427 Inque
217 3356 289 3410 Iovis
305 3373 415 3411 stumua
425 3355 551 3411 caeditur
563 3373 628 3412 arce
641 3355 749 3412 bidens.
995 3346 1031 3398 7⁰

13 3504 15 3655 ,
762 3431 785 3485 C
806 3428 826 3481 2
