2334 3842
156 164 225 275 es
374 246 377 265 .
415 210 446 265 1³.
467 208 848 267 ov1o11oisou1s

260 357 356 424 Causa,
375 356 451 428 qaod
465 365 507 410 est
519 356 570 410 illa
584 365 651 410 nata
667 357 792 410 Minerva
806 352 860 411 die.
894 409 900 414 ,

227 425 321 479 Altera
333 435 444 496 tresque
456 442 540 495 super
552 435 639 478 strata
653 427 831 480 celebrantur
842 442 936 481 arena.
1018 469 1022 473 .

263 495 375 547 Ensibus
387 497 499 548 exsertis
512 494 615 547 bellica
628 495 702 548 laeta
714 496 767 549 dea
781 504 830 548 est.

158 564 209 621 815
225 563 336 616 Pallada
348 582 423 616 nunc
438 566 526 633 pueri,
544 572 713 634 teneraeque
727 572 825 618 ornate
835 562 954 634 puellae.
1051 632 1055 637 Ι

262 634 316 696 Qui
328 634 400 685 bene
413 633 532 702 placarit
541 633 661 698 Pallada,
681 634 780 686 doctus
793 634 853 687 erit.

226 701 337 755 Pallade
350 701 469 770 placata,
487 701 581 754 lanam
592 703 704 755 mollire
718 702 828 772 puellae

259 771 381 837 Discunt,
400 779 427 823 et
441 771 537 838 plenas
549 788 701 824 exonerare
713 771 800 829 colos.

225 839 278 891 Illa
289 840 373 891 etiam
387 848 489 891 stantes
503 840 581 892 radio
597 857 762 911 percurrere
774 839 846 894 telas

157 907 211 963 820
262 908 376 971 Erudit;
395 917 423 961 et
438 926 535 961 rarum
573 911 664 963 ectine
677 910 774 962 denset
788 926 867 978 opus.

227 979 307 1029 Hanc
324 978 393 1043 cole,
412 978 460 1048 qui
476 928 600 1031 maculas
615 978 695 1030 laesis
709 978 744 1030 de
757 979 879 1030 restibus
891 976 999 1032 aufers:

262 1048 340 1099 Hauc
352 1047 421 1113 cole,
439 1047 587 1100 velleribus
605 1048 728 1117 quisquis
738 1047 827 1099 ahena
840 1064 930 1116 paras.

225 1115 285 1167 Nec
300 1115 545 1185 quisquamvinvita
558 1116 646 1168 faciat
656 1118 728 1169 bene
747 1116 858 1169 nucula
869 1116 982 1186 plantae

261 1183 384 1250 Pallade3
402 1185 438 1235 sit
450 1186 557 1254 Tychio
569 1186 680 1238 doctior
693 1185 741 1237 ille
767 1185 843 1240 licet.

157 1249 209 1308 825
226 1254 259 1304 Et
271 1252 338 1305 licet
350 1253 465 1324 antiquo
480 1255 609 1306 manibus
623 1253 741 1307 collatus
752 1257 826 1323 Epeo

260 1322 302 1373 ait
314 1324 407 1392 pri0r;
425 1323 497 1375 irata
512 1323 623 1377 Pallade
637 1340 753 1375 maneus
770 1323 832 1376 erit.

225 1390 280 1445 Vos
294 1408 415 1462 quoque,
432 1393 560 1455 Phoebea
571 1393 686 1444 morbos
702 1392 750 1461 qui
761 1391 864 1462 pellitis
874 1401 948 1460 arte,
1034 1416 1036 1419 ’

151 1494 156 1499 ·
261 1463 377 1513 Munera
394 1460 428 1512 de
443 1462 540 1513 vestris
552 1478 643 1529 pauca
655 1461 759 1513 referte
772 1461 850 1514 deae.

225 1530 285 1582 Nec
299 1548 346 1582 vos
361 1529 442 1585 turba
454 1530 544 1594 deam,
564 1547 649 1583 censu
665 1528 802 1594 fraudata,
819 1529 946 1601 magistri

157 1596 211 1658 830
262 1598 401 1668 Spernite3
421 1599 570 1668 discipulos
586 1598 703 1651 attrahit
718 1599 768 1650 illa
780 1615 876 1650 novos.

229 1667 336 1737 Quique
347 1685 441 1719 moves
454 1668 574 1733 coelum,
592 1667 775 1737 tabulamque
789 1667 930 1720 coloribus
942 1668 1016 1732 uris;

263 1738 315 1799 Qui
339 1753 373 1788 ue
385 1736 456 1787 facis
468 1736 552 1788 docta
565 1736 663 1789 mollia
676 1754 742 1788 saxa
756 1753 851 1789 manu.

227 1804 304 1857 Mille
317 1755 368 1856 dea
380 1813 421 1859 est
434 1820 566 1873 operum:
588 1814 665 1857 certe
679 1805 729 1858 dea
745 1805 876 1858 carminis
888 1804 940 1858 illa
951 1813 1001 1858 est.

265 1874 292 1924 si
307 1889 427 1937 mereor,
446 1873 542 1927 studiis
555 1874 626 1927 adsit
642 1874 732 1926 amica
743 1875 820 1931 meis.

121 1992 125 2001 ,
159 1937 211 1995 886
229 1942 339 1995 Coelius
352 1959 384 1994 ex
398 1943 455 1995 alto
508 1961 525 1995 a
540 1961 621 1996 mons
636 1942 777 1996 descendit
792 1943 821 1995 in
834 1948 965 2013 aequum,

264 2012 316 2064 Hic
330 2012 379 2064 ubi
393 2028 449 2065 non
463 2030 480 2080 p
493 2030 546 2065 ane
561 2023 610 2079 est,
627 2013 677 2065 sed
715 2029 784 2081 rope
795 2012 880 2093 plana
893 2014 939 2065 via
954 2022 1009 2078 est;

229 2082 317 2133 Parva
333 2080 399 2132 licet
410 2080 502 2133 videas
516 2084 618 2150 Captae
633 2081 678 2134 del
718 2099 750 2133 ra
764 2083 915 2148 bimetras,

265 2152 341 2212 Quae
354 2150 406 2202 dea
420 2150 507 2203 natali
519 2152 614 2219 coepit
625 2151 730 2204 habere
744 2167 804 2204 suo.

228 2218 355 2272 Nominis
367 2219 396 2270 in
411 2218 496 2271 dubio
512 2228 659 2274 causaest.
695 2218 817 2288 Capitale
828 2234 963 2273 vocamus

159 2282 214 2341 840
266 2288 414 2359 Ingenium
428 2288 540 2341 sollers:
558 2289 701 2358 ingeniosa
713 2287 766 2341 dea
782 2295 831 2347 est.

210 2400 214 2413 .
228 2360 280 2418 Αης
300 2355 410 2426 quiade
424 2358 521 2425 capitis
536 2358 628 2409 fertur
642 2358 701 2409 sine
713 2366 805 2409 matre
819 2356 931 2426 paterni

264 2426 375 2478 Vertice
388 2443 452 2479 cum
464 2426 555 2494 clipeo
568 2426 727 2495 prosiluisse
738 2426 808 2478 suo?

187 2506 192 2513 ’
228 2496 280 2558 An,
300 2494 364 2563 quia
377 2494 540 2562 perdomitis
553 2496 589 2565 ad
599 2513 651 2546 nos
664 2495 775 2564 captiva
786 2493 897 2547 Faliscis

264 2565 362 2626 Venit3
381 2571 409 2613 et
421 2563 476 2614 hoc
486 2564 576 2632 ipsum
588 2564 682 2616 littera
695 2563 787 2633 prisca
802 2562 906 2615 docet?
999 2570 1003 2575 '

161 2625 214 2688 845
231 2634 282 2696 An,
300 2631 375 2701 quod
388 2630 473 2683 habet
488 2632 591 2702 legem,
609 2633 707 2702 capitis
718 2650 789 2702 quae
799 2632 922 2703 pendere
935 2649 1038 2704 poenas

265 2703 303 2752 Ex
316 2699 364 2752 illo
379 2700 474 2752 iubeat
487 2700 564 2752 furta
575 2710 688 2770 reperta
697 2701 782 2754 loco?

231 2772 255 2821 Δ
268 2786 436 2850 quacunque
451 2770 536 2822 trahis
551 2770 659 2822 ratione
673 2769 818 2835 vocabula,
835 2769 939 2841 Pallas3
954 2799 965 2823 s

265 2839 318 2891 Pro
331 2839 453 2893 Ducibus
465 2838 565 2890 uostris
578 2839 678 2909 aegida
687 2855 801 2909 semper
813 2837 896 2892 hehe.

232 2908 346 2960 Summa
360 2906 416 2959 dies
428 2924 443 2959 e
458 2907 581 2987 quinque
595 2909 675 2959 tubas
688 2907 809 2961 lustrare
821 2925 939 2962 canoras

163 2970 217 3030 860
267 2976 414 3043 Admonet,
433 2983 462 3039 et
478 2976 545 3028 forts
560 2978 718 3029 sacrificare
733 2977 811 3031 deae.

233 3044 314 3097 Nunc
326 3046 405 3113 potes
421 3044 456 3095 ad
469 3044 684 3099 solem-sublato
698 3046 792 3099 dicere
807 3045 887 3099 vultu
895 3064 908 3107 s,

268 3113 320 3165 Iiic
337 3114 405 3165 here
419 3111 551 3165 Phrixeae
563 3114 670 3168 vellera
684 3116 783 3183 pressit
796 3114 863 3169 ovis.

233 3182 388 3236 Seminibus
401 3182 481 3233 tostis
492 3182 645 3236 sceleratae
659 3184 759 3236 {raude
771 3199 908 3236 novercae

129 3306 132 3315 ,
269 3251 422 3304 sustulerat
432 3248 531 3313 nullas,
549 3260 581 3307 ut
592 3252 672 3314 solet,
688 3252 776 3305 herba
790 3270 892 3306 comas.

164 3319 216 3378 855
234 3317 407 3375 Mittiturad
422 3317 554 3388 tripodas,
572 3329 651 3375 certa
666 3322 715 3394 qui
727 3329 804 3392 sorte
818 3327 952 3392 reportet,
