2334 3842
357 195 610 256 aaaroauru
629 197 715 255 ara.
734 200 762 262 1.
793 264 796 269 Α

12 364 14 375 ·
108 344 181 398 (lum
191 343 271 412 latet,
289 343 412 398 aetheria
423 308 544 416 spargite
557 360 654 399 semen
667 362 751 417 aqua.

74 416 154 470 Neve
172 431 269 484 graves
279 410 360 466 cultis
379 414 502 467 Cerealia
517 414 593 467 dona
606 424 702 468 cavete

108 484 228 555 Agmine
238 483 348 535 laesuro
366 483 569 552 depopulentur
585 501 658 539 aves.

73 554 130 609 Vos
145 569 259 623 quoque
271 551 409 610 subiectis.
426 552 572 618 formicae,
588 555 696 622 parcite
710 553 819 629 granis:

108 623 175 674 Post
190 638 311 674 messem
321 621 443 691 praedae
457 623 640 691 copiamaior
653 623 717 678 erit.

73 693 187 744 Interea
198 699 305 743 crescat
318 691 433 743 scabrae
446 691 581 763 robiginis
594 708 700 761 expers,

109 762 169 812 Nec
183 760 253 812 vitio
272 759 345 812 coeli
358 759 463 829 palleat
475 777 559 832 aegra
572 777 666 841 seges.⁸

12 864 13 869 =
73 830 213 910 sitneque
228 827 339 881 deficiat
351 830 451 894 macie,
467 846 559 911 neque
569 846 703 902 pmguuor
716 846 807 905 aequo

109 898 217 950 Divitiis
231 907 329 967 pereat
341 898 482 957 luxuriosa
495 916 560 951 suas.

74 967 110 1018 Et
126 976 242 1021 careant
253 967 336 1035 loliis,
354 968 449 1025 oeulos
463 968 636 1034 vitiantibus,
653 969 723 1042 agri,

109 1038 170 1093 Nec
183 1035 284 1090 sterilis
297 1036 372 1093 culto
383 1046 480 1108 surgat
492 1055 578 1091 evena
591 1038 661 1092 solo.

12 1138 14 1199 ἰ
74 1105 213 1159 'Iriticeos
225 1106 324 1171 foetus,
341 1122 511 1176 passuraque
526 1107 604 1159 farra
615 1107 657 1159 bis
672 1107 777 1179 ignem,

109 1175 279 1245 Hordeaque
289 1175 396 1296 inparti
407 1176 523 1234 foenore
536 1175 636 1228 reddat
686 1195 727 1231 er.

39 1241 42 1245 ’
74 1244 137 1296 Hoc
151 1260 204 1314 ego
223 1260 276 1314 pro
289 1261 323 1296 vo
344 1243 376 1310 is,
393 1244 448 1296 hoc
462 1253 510 1296 vos
523 1253 618 1314 optate
630 1262 664 1297 co
677 1246 739 1298 oui:

12 1354 13 1375 ,
109 1312 294 1382 Efficiantque
308 1321 382 1367 ratas
393 1321 513 1383 utraque
523 1314 592 1365 Diva
604 1331 712 1382 preces.
737 1318 739 1323 ’

12 1384 14 1445 i
74 1381 154 1435 Bella
166 1382 217 1435 diu
230 1390 347 1435 tenuere
362 1382 450 1452 ruas:
460 1391 531 1434 'erat
547 1383 641 1452 aptior
653 1382 726 1439 ensis

12 1484 13 1491 η
25 1478 29 1483 -
109 1453 233 1504 Vomere
247 1449 366 1508 cedebat
378 1458 474 1503 taurus
486 1460 581 1504 arator
596 1468 679 1521 equo.

12 1526 13 1529 ’
75 1520 194 1574 Sarcula
206 1520 368 1574 cessabant:
383 1520 511 1591 versique
525 1521 555 1573 in
571 1521 631 1590 pila
640 1520 757 1591 ligones,

12 1614 13 1643 i
110 1593 252 1661 Factaque
266 1589 300 1642 de
312 1589 395 1643 rastri
409 1591 532 1658 pondere
547 1590 631 1643 cassis
644 1590 713 1643 erat.

12 1658 14 1683 ³
75 1661 175 1712 Gratia
185 1659 237 1725 dte,
255 1659 406 1728 domuique
417 1661 495 1711 tuae:
512 1660 631 1730 religata
643 1659 751 1726 catenis

110 1727 287 1799 Iampridem
297 1736 395 1780 nostro
407 1729 458 1779 sub
474 1727 545 1797 pede
560 1729 637 1781 balla
653 1729 756 1783 iacent.

12 1850 13 1855 ,
77 1798 135 1851 Sub
147 1800 215 1868 iuga
226 1798 278 1850 bos
290 1796 391 1862 veniat,
408 1797 459 1851 sub'
474 1806 563 1849 terras
580 1814 675 1849 semen
691 1805 793 1867 aratus,

12 1876 13 1879 ’
110 1870 168 1920 Pax
181 1869 310 1924 Cererem
322 1865 426 1918 nutrit:
445 1866 521 1935 pacis
532 1867 647 1919 alumna
662 1868 754 1919 Ceres.

77 1945 127 2023 At
141 1985 212 2041 quae
227 1972 357 2023 venturas
371 1958 610 2038 praeoedetsexta
620 1966 771 2039 Kalendas,

112 2042 174 2093 Hac
186 2048 251 2094 sunt
266 2038 381 2092 Ledaeis
391 2039 499 2108 templa
513 2039 605 2092 dicata
619 2038 686 2093 deis.

12 2112 14 2135 ¹
76 2104 220 2162 Fratribus
234 2107 285 2160 illa
300 2107 359 2161 deis
374 2104 475 2167 fratres
490 2108 524 2160 de
537 2117 620 2229 qanta
637 2107 757 2160 deorum

12 2190 13 2209 ³
112 2180 194 2232 Circa
206 2181 338 2231 Iuturnae
352 2194 534 2248 composuere

560 2193 637 2231 acus.

77 2263 180 2354 Ipsum
192 2297 245 2333 nos
259 2294 375 2334 carmen
389 2277 502 2331 deducit
514 2278 593 2332 Pacis
607 2278 746 2333 adaram.

12 2370 14 2401 ρ
113 2355 190 2404 Haec
201 2351 255 2403 erit
269 2367 286 2402 a
300 2348 403 2401 mensis
417 2349 474 2401 fine
485 2349 608 2402 secunda
619 2348 685 2401 dies.

12 2464 13 2487 3
78 2419 235 2478 Frondibus
246 2419 365 2472 Actiacis
377 2427 485 2470 comtos
494 2417 625 2471 redimita
636 2415 763 2487 capillos,

114 2493 170 2543 Pax
183 2488 259 2557 ades,
277 2497 305 2540 et
318 2497 379 2540 toto
393 2487 470 2540 mitis
480 2488 509 2539 in
521 2489 590 2541 orbe
603 2503 696 2542 mane.

12 2560 14 2563 ’
79 2563 154 2613 Dum
166 2559 266 2611 desunt
278 2557 383 2622 hostes,
401 2555 472 2608 desit
484 2573 596 2638 quoque
609 2574 692 2610 causa
702 2554 847 2627 triumphi·

12 2636 14 2665 Ξ
113 2627 289 2680 Tuducibus
304 2626 380 2679 bello
414 2626 665 2678 loriamaroreris.
932 2666 937 2679 ·
1013 2622 1017 2631 ⁴

80 2697 238 2768 satagerat
254 2696 343 2760 miles,
357 2696 402 2764 qu'
424 2712 456 2746 us
470 2712 550 2747 arma
564 2698 703 2759 coirent,
721 2709 815 2747 arma:

115 2769 307 2836 Ganteturque
320 2765 391 2830 fera,
402 2763 449 2835 ¹nil
460 2764 513 2816 nisi
525 2782 593 2835 pom
612 2781 638 2831 a,
655 2764 733 2815 tuba.

79 2839 203 2890 Horreat
216 2835 359 2888 Aeneadas
373 2840 401 2884 et
416 2832 522 2901 primus
536 2843 564 2886 et
609 2834 692 2885 timus
703 2829 795 2884 orbis:

113 2905 143 2957 si
154 2920 210 2975 qua
220 2918 324 2974 parum
336 2905 455 2955 Romam
466 2912 543 2956 terra
553 2903 673 2967 timebit,
690 2908 775 2952 amat.

80 2975 167 3040 Tura,
183 2973 350 3038 sacerdotes,
368 2970 513 3041 pacalibus
531 2971 624 3024 addite
637 2970 774 3034 flammis3
820 3016 822 3019 ,

114 3042 186 3095 Alba
227 3059 242 3094 e
258 3057 390 3111 percussa
403 3040 518 3092 victima
529 3041 625 3092 fronte
641 3038 730 3094 cadat.

80 3116 175 3182 thue
208 3128 298 3177 omus,
318 3126 388 3178 quae
401 3117 525 3178 praestat
536 3126 608 3175 earu,
627 3126 693 3161 cum
707 3111 778 3164 Pace
790 3121 934 3182 perennet,

12 3210 13 3217 κ
114 3180 160 3232 Ad
171 3181 219 3249 pia
229 3195 381 3260 propensos
397 3187 463 3229 vota
480 3187 577 3249 rogate
592 3178 675 3230 deos*

12 3624 14 3659 l

12 3682 14 3707 l

80 3250 139 3303 Sed
151 3249 210 3301 iam
220 3265 314 3319 prima
326 3246 382 3298 mei
395 3264 459 3316 pars
472 3255 513 3299 est
528 3256 625 3300 exacta
639 3246 756 3301 laboris:

116 3320 244 3388 Cumque
261 3334 312 3371 suo
327 3315 414 3370 finem
426 3331 522 3370 mense
534 3317 646 3370 libellus
659 3317 756 3371 habet:
795 3318 798 3323 ”

124 3412 205 3450 carn.
225 3396 276 3453 111.
334 3480 338 3483 Ἴ
465 3429 667 3445 -----
816 3395 841 3447 C
