2334 3842
142 225 208 289 266
414 178 604 307 norrun
625 222 824 277 nasoms

211 374 286 425 Dum
300 366 396 440 damus
411 385 491 421 arma
503 367 569 434 tibi,
588 368 655 420 dum
668 376 712 433 te,
729 366 849 434 lascive,
867 367 1031 437 decemm-

246 445 322 493 Haec
335 450 364 492 te
377 438 512 507 discipulo
526 438 599 489 dona
610 438 744 507 magister
759 437 852 492 habet.

207 509 265 565 Scis
277 520 388 572 tamen,
405 518 438 562 ut
449 506 555 576 liquido
570 507 676 558 iuratus
691 507 785 558 dicere
795 504 892 576 possis,

159 580 195 638 50
243 581 307 632 Non
319 595 366 630 mc
378 577 519 648 legitimos
531 576 694 629 sollicitasse
705 584 791 644 toros.

211 649 376 717 Scripsimus
387 648 458 700 hacc
471 646 544 711 istis,
561 663 682 714 quarum
694 661 747 697 nec
762 646 833 696 'vitta
844 644 961 714 pudicos

244 717 388 787 Contingit
404 715 508 781 crines,
526 731 579 767 nec
593 714 664 766 stola
679 714 766 783 longa
778 714 874 783 pedes.

210 786 279 852 uic,
289 802 409 906 precor,
428 783 573 853 ecquando
585 783 705 836 didicisti
717 783 817 835 fallere
831 792 946 891 nuptas3

183 887 187 898 «
241 858 275 907 Et
303 870 384 906 acere
396 854 535 906 incertum
548 869 600 921 per
612 870 676 905 mea
687 853 760 909 iussa
775 869 877 921 genus.

158 924 192 983 55
211 928 251 976 An
267 924 303 975 sit
314 924 351 980 ab
362 922 405 976 his
418 922 507 975 omnis
519 922 609 993 rigide
621 922 750 975 submota
763 921 875 987 libellit,

243 995 335 1056 Quam
345 992 391 1044 lex
402 992 521 1043 furtivos
532 1000 612 1043 arcet
622 991 726 1043 habere
736 990 829 1043 viros?

209 1061 282 1127 Quid
289 1071 388 1114 tamen
398 1061 454 1114 hoc
466 1061 596 1130 prodest,
614 1061 695 1113 vetiti
708 1060 731 1112 si
743 1061 806 1131 lege
820 1075 917 1114 severa

231 1131 349 1183 ‘Credor
361 1130 491 1183 adulterii
503 1130 691 1198 composuisse
703 1129 803 1181 notas?

207 1203 243 1252 At
254 1208 300 1266 tu,
317 1201 358 1252 sic
369 1200 475 1252 habeas
488 1199 621 1251 ferientes
635 1208 738 1252 cuncta
747 1198 877 1269 sagittas,

155 1269 191 1325 60
240 1271 286 1321 Sic
298 1286 442 1338 nunquam
453 1268 552 1338 rapido,
565 1268 708 1337 lampades
721 1269 786 1338 igne
802 1276 916 1331 vacent3

205 1338 251 1391 Sic
264 1348 344 1408 regat
356 1338 518 1407 imperium,
535 1346 682 1406 terrasque
698 1342 827 1390 coerceat
843 1354 941 1393 omnes

242 1410 357 1473 Caesar,
382 1408 523 1459 abilenes
537 1407 584 1476 qui
602 1408 653 1459 tihi
665 1406 753 1458 fratre
767 1422 868 1477 nepos,
888 1472 893 1477 ν

204 1478 307 1543 Effice,
324 1477 361 1528 sit
371 1476 452 1530 nobis
465 1494 523 1528 non
536 1476 723 1545 implacabilis
736 1476 792 1538 ira;

238 1549 339 1616 Meque
350 1546 415 1598 loco
426 1546 512 1614 plecti
525 1546 719 1598 commodiore
728 1544 807 1598 velit.

152 1597 188 1673 65
204 1618 281 1669 Haec
297 1631 349 1685 ego
362 1616 434 1667 visus
448 1632 528 1667 eram
540 1632 629 1684 puero
642 1614 739 1667 dixisse
752 1614 870 1669 volucri.

238 1689 295 1737 Hos
309 1685 380 1736 visus
397 1684 478 1736 nobis
488 1684 536 1737 ille
551 1684 658 1736 dedisse
673 1701 770 1735 sonosr

202 1756 270 1821 Per,
289 1770 353 1806 mea
364 1754 439 1818 tela,
456 1753 547 1813 faces,
566 1763 594 1805 et
607 1771 675 1822 per,
693 1769 757 1804 mea
769 1752 841 1815 tela,
859 1750 981 1824 sagittas,

186 1833 192 1842 ⁸
235 1826 288 1875 Per
300 1831 421 1875 matrem
435 1822 513 1889 iuro,
533 1825 752 1891 Caesareumque
766 1830 865 1890 oaput;

201 1891 262 1958 Nil,
280 1892 332 1943 nisi
344 1907 520 1957 concessum,
539 1909 590 1943 nos
603 1900 632 1943 te
643 1891 771 1946 didicisse
783 1891 928 1963 magistro,

148 1962 185 2016 70
235 1962 347 2013 Artibus
360 1969 389 2012 et
403 1960 513 2012 nullum
529 1962 637 2013 crimen
651 1961 739 2012 inesse
751 1961 814 2014 tuis.
975 1956 980 1964 ’

201 2033 293 2100 thue
305 2030 375 2096 hoo,
393 2030 433 2084 sic
446 2030 554 2082 utinam
567 2030 719 2087 defendere
733 2039 843 2081 caetere
853 2029 960 2099 posses!

233 2100 291 2152 Scis
304 2099 395 2168 aliud,
412 2099 488 2170 quod
499 2109 526 2151 te
539 2100 665 2166 laeserit,
684 2115 742 2150 esse
756 2098 855 2169 magis.

199 2169 340 2239 Quidquid
352 2169 381 2221 id
395 2178 451 2235 est,
462 2186 554 2239 neque
569 2170 645 2221 enim
659 2168 743 2220 dehet
754 2167 836 2220 dolor
847 2167 897 2220 ille
908 2164 1015 2234 referri,

232 2241 295 2291 Non
310 2248 403 2308 potes,
421 2257 438 2291 a
453 2239 550 2309 culpa,
568 2239 677 2302 dicere,
697 2237 792 2289 abesse
805 2246 863 2289 tua.

145 2307 180 2365 75
196 2308 239 2360 Tu
252 2308 320 2360 licet
334 2309 436 2360 erroris
448 2309 499 2360 sub
511 2308 635 2378 imagine
647 2306 755 2359 crimen
768 2306 934 2373 obumbres,

232 2379 295 2429 Non
309 2377 421 2448 gravior
434 2377 536 2429 merito
549 2377 668 2429 vindicis
681 2376 725 2427 ira
737 2376 802 2428 fuit.

195 2447 235 2499 Ut
246 2455 343 2499 tamen
358 2447 547 2515 adspicerem,
566 2445 783 2514 consolarerque
798 2444 949 2512 iacentem,

229 2518 319 2585 Lapsa
329 2532 381 2585 per
393 2515 542 2567 immensos
555 2524 596 2568 est
605 2515 678 2566 nihi
689 2532 781 2582 penna
793 2513 859 2568 vias.

195 2587 272 2638 Haec
285 2584 349 2638 loca
361 2594 422 2637 tum
455 2586 560 2636 rimam
573 2584 645 2650 vidi,
663 2592 832 2637 cummatre
845 2591 965 2655 rogante

143 2655 180 2711 80
228 2656 339 2708 Phasias
354 2664 396 2707 est
407 2603 471 2706 telis
482 2654 538 2705 fixa
550 2654 645 2723 puella
657 2653 736 2705 meis.

194 2726 272 2788 Quae
284 2741 359 2778 nunc
371 2740 422 2777 cur
433 2723 536 2776 iterum
552 2732 615 2803 post
626 2722 739 2774 saecula
750 2721 836 2793 longa
849 2720 979 2790 revisam,

227 2795 270 2845 Tu
281 2794 366 2859 facis,
387 2812 404 2846 o
416 2793 513 2846 castris
524 2793 605 2846 miles
616 2792 706 2844 amice
719 2791 799 2845 meis.

191 2862 266 2915 Pone
280 2872 372 2915 metus
385 2864 485 2934 igitur3
504 2863 632 2914 mitescet
647 2861 770 2913 Caesaris
784 2861 844 2913 irat

227 2934 261 2983 Et
275 2933 369 2983 veniet
381 2933 453 2984 votis
468 2931 583 2990 mollior
595 2931 665 2983 hora
677 2930 741 2983 tuis.

140 2989 174 3055 85
192 3002 265 3056 Neve
275 3018 385 3053 moram
397 3004 513 3065 timeas,
525 3010 650 3069 tempus,
669 2999 744 3069 quod
754 2998 930 3068 quaerimus,
947 2996 1040 3050 instat:

227 3071 386 3138 Cunctaque
399 3070 524 3123 laetitiae
538 3071 621 3140 plena
634 3068 791 3138 triumphus
804 3069 898 3119 habet.

189 3140 264 3190 Dum
277 3138 391 3203 domus,
411 3148 439 3190 et
453 3139 527 3205 nati,
546 3140 615 3191 dum
632 3147 723 3189 mater
739 3138 815 3189 Livia
829 3136 945 3206 gaudet3

223 3209 296 3256 Dum
311 3206 427 3285 gaudes,
444 3210 552 3259 Patriae
566 3224 669 3278 magne
680 3207 818 3277 Dacisque
831 3210 926 3257 Pater:

165 3341 168 3342 7
188 3276 261 3326 Dum
275 3274 327 3325 sihi
339 3283 466 3343 gratatur
478 3278 612 3344 populus,
628 3286 774 3346 totamque
785 3292 837 3345 per
850 3274 954 3328 Urbem

137 3344 173 3395 90
224 3341 319 3393 Omnis
334 3341 457 3396 odoratis
468 3345 578 3426 ignibus
591 3364 640 3399 ara
652 3346 741 3413 calet:
