2334 3842
118 246 182 312 Μ
307 267 312 276 ’
385 248 416 302 Ρ.
438 246 590 303 ov1n11
611 243 802 300 NASONIS

355 387 715 476 samsona
762 341 895 458 xus

384 493 867 566 ΤυΉαΑΝο.λ

194 574 274 685 Quo
289 608 380 663 minus
390 610 421 663 in
433 610 534 663 nostris
546 609 667 678 ponaris,
690 610 790 679 amice,
806 609 917 674 libellis,
932 624 943 656 -“

238 679 362 733 Nominis
376 679 497 731 efficitur
514 679 675 731 conditione
692 678 743 734 tui.

194 755 242 804 ast
256 766 309 820 ego
322 764 378 799 non
398 748 483 800 aliurn
496 748 574 815 prius
591 748 645 800 hoc
662 747 791 819 dignarer
811 748 936 802 honore:

227 821 273 870 Est
293 816 390 885 aliquis
403 826 530 868 nostrum
544 817 567 868 si
581 817 666 868 modo
689 833 802 869 carmen
821 817 933 871 honos:

160 889 249 943 5Lex
261 885 339 955 pedis
361 886 454 939 officio
464 895 627 955 'naturaque
650 886 770 938 nominis
788 887 917 938 obstant:

229 959 344 1024 Quaque
358 971 435 1007 meos
458 954 549 1022 adeas,
569 964 610 1006 est
626 955 671 1007 via
684 955 768 1019 nulla,
787 956 894 1009 modos.

193 1027 266 1079 Nam
278 1021 363 1091 pudet
375 1023 405 1080 in
422 1025 546 1099 geminos
557 1024 597 1076 ita
607 1040 710 1075 nornen
722 1022 828 1078 findere
848 1039 956 1093 versus,

227 1093 338 1143 Desinat
350 1100 382 1143 ut
392 1109 470 1161 pr1or
482 1091 546 1158 hoc,
569 1093 740 1162 incipiatque
751 1093 857 1145 minor:

192 1162 228 1212 Et
241 1160 352 1229 pudeat,
370 1160 446 1225 site,
472 1179 527 1231 qua
539 1161 645 1229 syllaba
663 1170 744 1231 parte
757 1170 893 1224 moratur,
915 1172 918 1181 ·

145 1231 180 1285 10
230 1229 335 1282 Arttius
343 1229 489 1309 appellem,
507 1230 731 1299 Tuticanumque
742 1246 849 1286 vocem.

195 1299 253 1351 Neo
265 1307 344 1366 potes
359 1315 388 1349 in
402 1315 513 1350 versum
526 1300 653 1352 Tuticani
668 1315 747 1351 more
758 1299 868 1364 venire;

230 1365 292 1417 Fiat
305 1375 338 1417 ut
350 1382 365 1417 e
380 1365 464 1437 longa
476 1367 580 1436 syllaba
596 1368 687 1437 prima
701 1367 799 1420 brevis.

197 1437 251 1486 Aut
264 1434 440 1503 producatur,
478 1453 530 1488 une
543 1454 618 1489 nunc
631 1436 784 1506 correptius
798 1434 869 1501 exit3

230 1506 262 1554 Et
275 1503 310 1555 sit
330 1454 556 1584 ponectalonga
570 1506 691 1560 secunda
703 1521 792 1558 mora.

146 1573 180 1628 15
196 1572 270 1625 Hise
290 1589 342 1624 osi
352 1572 425 1625 vitiis
437 1576 526 1626 ausim
541 1591 721 1643 corrumpere
736 1590 851 1640 nomen,

231 1589 340 1706 Eidem,
359 1649 388 1693 et
400 1642 501 1695 merito
523 1643 732 1712 pectushabere
748 1658 845 1722 neget.

196 1711 272 1762 llaec
285 1710 354 1764 mihi
366 1726 448 1762 causa
461 1710 515 1763 fuit
527 1712 606 1764 dilati
618 1712 739 1764 muneris
750 1711 842 1773 huius,

236 1776 317 1840 Quod
340 1795 417 1830 meus
433 1780 540 1832 adiecto
558 1782 676 1833 foenore
687 1780 785 1833 reddet
797 1795 873 1850 ager.

198 1845 293 1913 Teque
308 1863 405 1898 canam
421 1865 585 1918 quacunque
599 1859 681 1902 nota:
700 1850 751 1901 tibi
766 1850 891 1902 carmina
907 1848 1032 1918 mittam,

148 1913 184 1968 20
233 1916 322 1966 Paene
334 1914 403 1967 rnihi
414 1934 499 1985 puero
514 1918 626 1986 cognite
639 1935 726 1988 paene
741 1934 818 1987 puer.
1007 1978 1010 1982 ,

170 2032 173 2036 ,
197 1983 304 2051 Perque
319 1991 363 2035 tot
378 2001 515 2038 annorum
533 1987 642 2051 seriem,
667 1996 735 2057 quot
752 1987 886 2039 habemus
900 1994 1032 2059 uterque,

233 2053 295 2103 Non
311 2051 389 2118 mihi,
409 2071 491 2123 quarn
501 2055 582 2108 fratri
596 2056 692 2123 frater,
709 2064 801 2108 amate
814 2057 912 2108 minus.

198 2121 488 2189 rabennantium,
511 2133 543 2175 tu
558 2126 666 2194 diraque
680 2142 827 2195 comesque
841 2124 928 2192 fuisti,

236 2190 304 2241 ilum
315 2204 442 2262 regerem
462 2201 557 2247 tenera
571 2194 651 2244 irena
662 2193 771 2246 novella
785 2211 879 2248 manu.

148 2258 184 2314 ‘25
202 2262 288 2326 Saepe
304 2276 356 2329 ego
370 2261 477 2313 correxi
488 2262 539 2312 sub
557 2271 586 2314 te
598 2279 712 2314 censore
727 2262 851 2326 libellos3

236 2331 321 2396 Saepe
334 2329 385 2381 tibi
398 2330 543 2382 admonitu
558 2331 635 2382 facta
647 2331 731 2383 litura
752 2348 815 2383 tneo
831 2340 887 2384 est:
923 2360 929 2368 ·

202 2395 321 2465 Dignam
333 2399 463 2451 Maeoniis
475 2399 629 2451 Phaeacida
638 2399 768 2452 condere
782 2399 885 2453 chartis

236 2468 305 2516 Cum
322 2475 351 2517 te
375 2467 493 2519 Pierides
507 2468 678 2549 perdocuere
691 2477 764 2521 tuae.

201 2534 253 2586 llic
265 2541 356 2602 tenor,
381 2535 450 2587 haec
462 2536 543 2588 vindi
556 2537 706 2589 concordia
719 2545 817 2607 coepta
829 2537 945 2593 iuventa

152 2600 188 2658 30
205 2639 210 2648 .
238 2603 321 2655 Venit
336 2602 372 2654 ad
385 2604 507 2657 albentes
520 2605 680 2660 illabefacta
694 2623 795 2658 comas.
815 2623 816 2628 ¹
863 2613 866 2622 ’

204 2673 281 2735 Quae
294 2672 346 2723 nisi
357 2681 385 2724 te
400 2682 538 2738 moveant,
556 2675 625 2727 duro
638 2675 690 2727 tibi
699 2684 816 2743 pectora
831 2675 910 2728 ferro

238 2743 315 2805 Esse,
325 2742 376 2808 'vel
392 2741 495 2794 invicto
508 2742 602 2796 clausa
614 2744 761 2797 adamante
769 2753 875 2812 putem.

203 2808 258 2860 Sed
270 2809 346 2876 prins
358 2810 424 2863 huic
443 2810 531 2864 desint
544 2822 572 2865 et
585 2813 692 2865 bellurn
707 2821 735 2865 et
756 2813 864 2883 frigora
877 2820 977 2877 terrae,

238 2878 340 2930 invisus
353 2879 433 2931 nobis
445 2897 516 2950 quae
528 2881 581 2934 dno
593 2884 696 2933 Pontus
714 2880 812 2941 habet3
829 2891 834 2904 '

136 2939 186 2997 '85
202 2945 235 2996 Et
249 2946 359 3015 tepidus
376 2952 485 3016 Boreas,
503 2956 531 3002 et
539 2950 574 3001 sit
588 2945 773 3021 praefrigidus
787 2949 905 3016 Auster,'

103 3053 108 3060 ,
238 3018 272 3066 Et
289 3017 375 3084 possit
394 3017 484 3070 fatum
495 3018 606 3069 mollius
621 3016 802 3084 essenteum3

205 3084 295 3146 Quam
309 3093 355 3136 tua
366 3086 421 3137 sint
431 3087 507 3155 lapso
519 3087 685 3167 praecordia
706 3088 776 3141 dura
787 3081 885 3139 sodali.
936 3130 938 3132 .

240 3152 292 3203 Hic
304 3154 428 3222 cernulus
443 3164 545 3207 nostris
556 3156 637 3222 absit,
655 3158 795 3227 abestque,
812 3155 902 3209 malis.

206 3218 249 3268 Tu
264 3219 347 3270 modo
366 3237 418 3287 per
434 3227 559 3291 Superos,
575 3242 696 3294 quornm
714 3226 881 3277 certissimus
892 3222 940 3275 ille
959 3229 1014 3291 est,

155 3283 191 3337 40
241 3289 301 3348 Quo
315 3294 378 3338 tuus
398 3290 505 3343 assidue
520 3293 645 3362 Principe
672 3294 759 3347 crevit
770 3295 875 3358 honor3

204 3352 299 3420 Effice,
315 3357 452 3408 constanti
462 3360 612 3431 profugum
621 3363 724 3432 pietate
736 3363 850 3431 tuendo,
