2334 3842
165 207 208 271 84
275 282 278 297 ‚
434 207 475 262 P„
488 207 638 262 OVIDII
658 206 862 261 Nasutus

267 353 466 425 Tergaferant
481 352 587 420 vulpes,
605 364 704 404 ‘musa
722 350 849 407 demada
861 353 951 410 mibi..

231 424 345 495 Frigida
362 421 505 486 Carseolis,
522 438 575 472 nec
593 421 672 472 olivis
686 430 751 488 apta
763 421 895 489 ferendis,

265 496 360 556 Terra,
386 492 437 544 sed
448 490 484 542 ad
499 498 606 560 segetes
622 490 780 560 ingeniosus
797 508 873 561 ager.

167 559 219 616 685
234 564 293 615 Hac
309 578 360 632 ego
372 560 428 612 Peli
471 576 509 621 os,
527 559 633 610 natalia
649 576 725 623 rura,
744 561 883 627 petebam,

269 635 373 695 Parva,
391 646 421 680 se
459 627 572 680 assiduis
590 628 674 679 uvida
688 644 799 696 semper
814 629 904 699 aquis.

234 698 356 769 Hospitis
371 697 478 766 antiqui
495 697 589 748 solitas
612 697 774 749 intravimus
791 699 884 751 aedos.

268 772 413 825 Demserat
431 767 553 818 emeritis
570 766 628 818 iam
645 767 711 834 iuga
723 767 849 819 Phoebus
869 766 957 836 equis.

233 843 258 890 Is
272 837 342 889 mihi
352 835 442 887 multa
456 835 579 905 quidem,
595 835 646 886 sed
664 844 692 886 et
707 836 786 902 haec,
803 853 926 888 narrarex
937 835 1048 901 solebat,

164 905 217 960 690
268 906 347 957 Unde
361 922 457 957 meum
473 918 603 974 praesens
619 904 804 956 destrueretur
818 923 926 974 opusu
953 930 956 937 v

233 979 302 1041 Hoc,
321 974 368 1039 ait,
385 974 414 1025 in
429 991 539 1041 campo,
557 990 745 1040 campumque
762 968 892 1040 dsseadit,
911 973 1031 1029 habebat

269 1047 323 1095 Rus
335 1044 420 1095 breve
437 1061 502 1095 cum
521 1043 591 1094 duro
609 1052 695 1110 parca
709 1042 811 1094 colona
827 1043 897 1095 viro.

232 1112 283 1166 Ille
297 1130 375 1164 suam
392 1113 546 1182 peragebat
563 1112 694 1163 humum:
720 1112 777 1163 sive
799 1129 864 1165 usus
876 1112 972 1179 aratri,

271 1182 333 1234 Sive
348 1199 433 1233 cavae
445 1182 535 1245 falcis,
560 1181 617 1232 sive
634 1180 752 1232 bidentis
774 1188 841 1234 erat.
859 1208 861 1212 ·
957 1226 961 1229 ,

164 1248 215 1305 695
233 1254 309 1305 Haec
326 1250 411 1303 modo
428 1251 560 1302 verrebat
575 1259 696 1301 stantem
717 1251 833 1302 tibicine
846 1250 958 1302 villam:

267 1323 348 1372 Nunc
365 1321 463 1371 matris
480 1318 584 1386 plumis
602 1336 654 1370 ova
666 1319 787 1370 fovenda
801 1319 893 1372 dabat.

233 1395 288 1444 Aut
304 1389 406 1441 virides
424 1388 540 1451 malvas,
559 1396 607 1439 aut
624 1389 725 1457 fungos
738 1388 847 1457 colligit
862 1388 956 1441 albos:

269 1464 323 1511 Aut
340 1458 476 1509 humilem
494 1466 574 1527 grato
594 1456 709 1509 calfacit
724 1457 790 1526 igne
807 1457 915 1510 focum.

232 1531 268 1580 Et
285 1537 382 1578 tamen
399 1527 514 1578 assiduis
531 1535 641 1577 exercet
657 1525 773 1578 brachia
792 1526 867 1590 telis3

163 1594 217 1650 ⁷00
269 1596 475 1663 Adversumque
488 1595 582 1645 minas
599 1594 712 1664 frigoris
729 1613 810 1647 arma
825 1605 915 1663 perat·
1014 1660 1016 1663 v

231 1664 316 1718 Filius
333 1665 414 1715 huius
433 1672 494 1715 erat
508 1664 602 1730 primo
620 1662 737 1715 lascivus
754 1664 783 1717 in
804 1681 888 1724 serm
919 1696 922 1717 :

191 1738 194 1746 '
268 1733 475 1800 addideratque
492 1749 579 1783 annos
604 1731 639 1783 ad
658 1732 714 1784 duo
729 1733 818 1785 lustra
835 1732 914 1786 duos.

235 1806 261 1856 Is
282 1801 357 1869 capit
375 1800 491 1852 extremi
509 1801 623 1868 vulpem¹
638 1802 688 1852 sub
705 1802 780 1853 valle
798 1801 902 1854 salicti:

268 1870 428 1925 Abstulerat
444 1869 545 1920 multas
562 1870 611 1921 illa
629 1871 752 1923 cohortis
769 1888 840 1924 aves.
909 1914 913 1921 ,

164 1935 217 1995 705
234 1939 378 2008 Captivam
395 1938 498 2008 stipula
512 1939 655 2007 faenoque
672 1939 797 2006 involvit,
817 1948 845 1991 et
860 1939 941 2009 ignes

269 2009 414 2060 Admovet.
445 2012 561 2060 Urentes
578 2008 678 2078 effugit
694 2008 743 2059 illa
760 2025 868 2062 manus.

235 2080 297 2142 Qua
314 2078 396 2148 fugit,
413 2078 538 2129 incendit
557 2078 669 2129 vestitos
687 2079 819 2129 messibus
834 2093 929 2148 egros.

149 2188 151 2195 Α
194 2180 197 2191 ›
268 2147 413 2199 Damnosis
430 2147 502 2199 vires
517 2147 628 2216 ignibus
646 2162 714 2201 aure
732 2146 823 2199 dabat.
1059 2182 1075 2193 .,

192 2218 196 2237 ’
234 2217 351 2269 Factum
364 2216 446 2268 abiit:
463 2223 647 2268 monumenta
661 2225 786 2269 manent.
804 2217 876 2271 Nam
888 2215 986 2271 ¹vivere
1007 2220 1105 2286 captam

164 2283 218 2340 710
268 2288 349 2337 Nunc
368 2290 479 2354 qnoque
496 2284 542 2336 lex·
556 2285 670 2353 vulpem
686 2284 850 2337 Carseolana
871 2294 955 2342 vetat.
1008 2296 1011 2299 '

234 2357 326 2424 thue
337 2354 397 2405 luet
413 2370 516 2423 poenas
531 2370 603 2422 gens
621 2353 700 2419 baec,
718 2353 878 2407 Cerealibus
894 2354 986 2422 ardet-5

271 2428 389 2493 Quoque
400 2423 492 2475 ¹modo
504 2433 611 2493 segetes
634 2423 764 2492 perdidit,
780 2424 839 2493 ipsa
855 2424 936 2492 perit.
966 2470 969 2475 .

234 2505 360 2580 Postera
378 2543 443 2577 cum
459 2525 561 2591 veniet,
586 2533 675 2577 terras
693 2524 786 2576 visura
803 2533 939 2595 patentes,
992 2542 995 2549 ’

269 2595 424 2652 Memnonis
441 2595 471 2645 in
484 2594 569 2661 roseis
586 2594 665 2646 lutea
692 2604 782 2646 mater
799 2596 891 2664 equis;
1017 2590 1021 2601 ⁵

164 2665 217 2724 715
233 2665 341 2720 Educe·
353 2663 472 2735 lanigeri
488 2660 606 2732 pecoris,
624 2662 673 2734 qui
687 2663 812 2732 prodidit
830 2662 936 2732 Hellen,

269 2734 316 2786 Sol
332 2734 405 2786 abit:
424 2746 533 2803 egresso
545 2732 660 2785 victima
681 2734 773 2784 maior
790 2732 876 2791 adest,

234 2809 328 2862 Vacca
344 2804 379 2855 sit
396 2803 552 2868 nutamus,
569 2820 627 2854 non
645 2810 686 2853 est
703 2818 873 2872 cognoscere
888 2810 1046 2872 promtum:

267 2875 333 2924 Pars
349 2870 427 2942 prior
445 2870 573 2940 apparet:
597 2871 754 2941 posteriora
778 2871 891 2923 latent.⁴

171 2990 178 2997 .
235 2944 290 2994 Seu
307 2950 402 2992 tamen
421 2950 462 2993 est
478 2948 582 3004 taurus,
600 2941 656 2991 sive
672 2935 713 2991 e'st
729 2939 784 2991 hoc
801 2940 907 2993 femina
921 2940 1047 3011 signum
1114 2988 1116 2991 ,

165 3012 218 3068 720
267 3015 373 3062 Iunone
389 3010 476 3062 invita
492 3018 595 3063 munus
607 3009 716 3062 >amoris
728 3009 821 3064 habet.

235 3095 308 3168 Nox
319 3112 396 3177 abiit,
415 3105 558 3181 oriturque
575 3116 691 3164 Aurora.
725 3110 821 3163 Palilia
842 3126 952 3180 poscor.
994 3120 996 3127 ’

209 3222 214 3229 .
269 3185 333 3234 Non
349 3198 452 3249 poscor
468 3181 581 3247 frustra,
606 3182 628 3234 si
638 3182 714 3234 favet
731 3181 806 3233 alma
820 3181 906 3241 Pales.

236 3251 317 3303 Alma
333 3249 418 3318 Pales,
435 3249 531 3303 faveas
541 3252 663 3318 pastoria
676 3267 756 3301 sacra
774 3251 898 3314 canenti5

271 3321 427 3390 Prosequor
444 3318 581 3372 officiosi
597 3328 645 3375 tua
661 3319 732 3375 festa
748 3320 806 3390 pio.
848 3368 852 3377 .
