2334 3842
341 282 347 311 ,
370 234 596 301 ralsTIUM
623 239 708 295 nm.
729 241 769 297 11.
977 182 1041 307 aas

24 424 25 429 κ
115 381 263 437 Reddatur
273 391 370 457 gratae
379 380 492 437 debitus
506 383 588 437 Urbis
603 401 692 439 amor.
990 390 1042 446 160

80 454 160 509 Livia
174 455 215 507 sic
225 462 321 506 tecum
333 454 449 506 sociales
464 454 605 523 compleat
617 454 713 521 annos,

26 566 29 573 ,
116 527 206 589 Quae,
221 523 275 581 uisi
290 532 329 590 te,
350 523 428 574 'nullo
443 523 561 594 coniuge
576 523 659 596 digna
673 525 739 582 fuit.

83 596 161 658 Quae
172 592 197 643 si
207 609 266 644 non
279 600 361 659 esset,
376 591 485 644 caelebs
499 602 534 644 te·
544 593 601 644 vita
619 594 747 649 decerats

115 661 265 730 Nullaque,
278 660 324 714 cui
339 678 432 731 posses
447 677 507 713 esse
519 663 645 729 maritus,
660 672 729 718 erat.

82 731 192 799 Sospite
203 730 244 782 sic
255 738 284 783 te
296 731 333 781 sit
345 740 425 782 natus
438 748 550 800 quoque
566 747 667 800 sospes,
685 741 714 784 et
727 730 806 801 olim,
990 732 1042 797 165

116 800 271 869 Imperium
283 808 364 869 regat
375 800 429 851 hoc
442 816 507 851 cum
519 800 629 852 seniore
641 818 740 859 senex:

82 874 178 939 thue
193 869 236 920 tui
246 867 363 933 faciunt,
375 868 449 920 sidus
461 868 592 934 iuvenile,
605 879 730 939 nepotes,

115 941 171 990 Per
179 946 229 989 tua
239 954 346 1006 perque
356 938 398 989 sui
414 938 490 989 facta
503 937 625 1007 parentis
639 947 713 995 eant.

83 1008 129 1060 Sic
144 1015 253 1059 assueta
263 1010 320 1058 tuis
331 1023 442 1075 semper
455 1007 580 1061 Victoria
592 1007 690 1062 castris
754 1042 756 1049 ·
1069 1066 1072 1071 ,

117 1078 202 1129 Nunc
215 1091 368 1145 quoquere
380 1084 510 1144 praestet,
525 1085 647 1145 notaque
659 1075 739 1146 signa
750 1085 845 1146 petat:
992 1079 1045 1149 170

83 1143 294 1215 Ausoniumque
308 1147 414 1196 Ducem
426 1145 513 1198 solitis
526 1145 713 1199 circumvolet
725 1145 789 1200 alis:

118 1216 209 1266 Ponat
226 1224 253 1265 et
264 1214 294 1265 in
311 1213 400 1265 nitida
413 1213 510 1266 laurea
522 1223 596 1266 serta
612 1229 703 1267 coma.

84 1286 139 1336 Per
153 1299 239 1353 quem
251 1282 327 1337 bella
341 1283 423 1353 geris,
440 1283 519 1334 cuius
531 1301 607 1335 nunc
621 1299 740 1351 corpore
750 1299 873 1356 pugnus

118 1353 282 1421 Auspicium
296 1351 342 1402 cui
356 1351 405 1403 das
417 1352 533 1422 grande,
549 1352 672 1422 deosque
687 1363 761 1406 tuos.

84 1421 269 1493 Dimidioque·
278 1421 321 1472 tui
333 1437 464 1489 praesens
475 1421 548 1473 hanc
561 1423 676 1541 respicis
692 1421 811 1475 Urbem:
993 1424 1044 1486 175

119 1489 242 1542 Dimidio
255 1489 355 1560 procul
369 1507 406 1558 es,
422 1506 559 1561 saeveque
573 1490 609 1542 be
621 1490 648 1541 la
661 1490 744 1561 geris.
785 1508 789 1511 ’

85 1558 139 1611 Hic
153 1558 207 1611 tihi
220 1560 261 1611 sic
273 1558 371 1611 redeat
381 1568 511 1627 superato
524 1559 615 1611 victor
628 1559 662 1612 ab
674 1559 770 1624 hoste;

120 1632 210 1698 Inque
222 1629 364 1681 coronatis
379 1627 487 1698 fulgeat
498 1627 573 1687 altus
585 1628 677 1698 equis5

86 1698 183 1763 Parce,
197 1713 313 1767 precam
331 1697 495 1768 fulmenque
507 1706 596 1757 tuum,
613 1697 675 1750 fera
688 1697 746 1758 tela
756 1698 889 1769 reconde,

121 1770 185 1819 Heu
197 1767 318 1819 nimium
330 1766 432 1819 misero
449 1767 562 1838 cognita
574 1766 631 1825 tela
645 1766 728 1829 mihil

87 1837 185 1903 Parce,
197 1838 280 1888 Pater
292 1835 414 1904 patriae:
431 1854 484 1888 nec
501 1836 622 1888 nominis
633 1835 785 1893 immemor
798 1836 881 1893 huius

123 1905 198 1957 Olim
210 1904 342 1974 placandi
354 1922 432 1973 spem
444 1905 512 1957 mihi
527 1905 597 1958 tolle
614 1905 665 1966 tui,

87 1976 148 2031 Nec
162 1990 274 2044 precor,
288 1982 320 2025 ut
334 1973 462 2027 redeam:
480 1975 607 2044 quamuis
620 1973 729 2035 maiore
740 1973 835 2045 petitis

126 2042 264 2098 Credibile
280 2050 322 2094 est
333 2060 378 2097 ma
400 2061 450 2095 nos
462 2060 543 2112 saepe
558 2043 666 2096 dedisse
682 2043 758 2096 deos.
778 2086 780 2089 .

89 2112 184 2166 Mitius
202 2110 329 2164 exsilium
342 2112 366 2163 si
377 2061 435 2177 ias,
453 2113 623 2185 propiusque
634 2110 764 2182 roganti3

124 2183 191 2234 Pars
203 2181 256 2233 erit
271 2197 286 2232 e
301 2198 392 2250 poena
406 2198 508 2251 magna
520 2181 613 2233 levata
625 2197 698 2236 mea.

89 2250 197 2304 Ultima
211 2243 364 2320 perpetior,
382 2249 489 2302 medios
501 2250 643 2319 proiectus
656 2250 685 2301 in
697 2247 805 2313 hostete

125 2322 185 2373 Nec
237 2322 347 2388 isquam
359 2320 449 2389 patria
464 2318 574 2390 lougius
592 2318 669 2373 exsul
679 2319 765 2375 abest.

91 2389 172 2443 Solus
184 2406 200 2440 a
235 2406 360 2459 egressus
376 2388 473 2442 missus
484 2388 674 2457 septemplicis
687 2386 759 2455 Isari,
860 2445 862 2450 ,

125 2458 289 2511 Parrhasiae
322 2456 397 2510 elido
408 2458 521 2528 virginis
535 2475 586 2509 axe
596 2473 719 2526 premor,

91 2531 213 2598 Iazyges,
232 2536 261 2579 et
274 2476 378 2593 euicui,
395 2530 576 2596 Metereaque
589 2526 682 2593 turba,
697 2528 848 2597 Getaeque,

127 2595 247 2647 Danubii
258 2595 358 2647 mediis
369 2596 414 2647 vir
426 2595 611 2664 prohibentur
624 2596 712 2665 aquis.

94 2668 221 2735 cumque
235 2665 283 2716 alii
294 2681 376 2717 causa
387 2665 439 2716 tihi
450 2665 506 2716 sint
517 2666 647 2745 graviore
659 2664 758 2736 fugati,

128 2735 253 2787 Ulterior
263 2732 343 2796 nulli,
359 2751 443 2802 quam
457 2733 699 2800 mih1‚terradata
716 2742 765 2789 est.

93 2803 216 2875 Longius
228 2803 282 2854 hac
295 2801 367 2853 nihil
380 2812 430 2870 est,
447 2803 502 2855 nisi
515 2813 627 2855 tantum
640 2802 727 2873 frigus
740 2811 768 2863 et
776 2799 872 2869 hostis,

130 2875 163 2923 Et
176 2872 262 2924 maris
278 2871 411 2924 adstricto
429 2890 499 2943 quae
514 2875 573 2927 coit
590 2871 665 2927 unda
680 2871 755 2941 geba,

94 2943 235 2994 Hactenus
249 2941 346 2992 Euxini
363 2958 426 3010 pars
441 2951 481 3001 est
495 2945 621 2998 Munna
633 2940 736 2992 sinistri
741 2957 752 2999 c

131 3012 260 3062 Proxima
270 3013 417 3062 basternae
430 3015 665 3079 Sauromataeque
676 3017 782 3074 tenent,

96 3079 171 3132 Haec
188 3089 229 3132 est
241 3081 361 3135 Ausonio
373 3080 426 3141 sub
440 3079 500 3132 iure
515 3081 673 3144 novissima,
691 3078 791 3149 vixqtta

132 3151 234 3201 Haeret
245 3149 275 3200 in
289 3147 400 3217 imperii
416 3150 542 3220 margine
554 3158 631 3201 terra
644 3147 693 3203 tui.

96 3218 184 3279 Unde,
197 3234 300 3287 precor
312 3217 436 3286 supplex,
455 3228 486 3273 ut
500 3235 550 3271 nos
564 3219 594 3270 in
610 3226 672 3269 tuta
685 3217 808 3298 releges:

134 3290 174 3339 Ne
189 3289 224 3339 sit
236 3304 302 3340 cum
314 3288 405 3354 patria
417 3304 471 3356 pax
486 3304 598 3421 quoqpe
613 3287 708 3339 demta
719 3287 796 3342 mibi.
860 3318 863 3323 ,

98 3356 141 3411 Ne
152 3357 268 3411 timeam
282 3365 388 3428 gentes,
403 3373 470 3431 quas
482 3374 540 3418 non
573 3373 624 3420 ene
639 3357 785 3421 cubuisset
795 3356 876 3415 Isters

958 1262 964 1287 l
