2334 3842
154 194 219 320 {10
423 195 455 249 P.
478 187 630 248 ovmtt
656 187 852 248 NASONIS

224 343 262 394 ut
273 339 322 410 qui
332 337 455 392 Threicii
463 337 608 459 ιΐιοιιιίαηι
620 336 766 419 praesepia
776 335 853 407 regis

177 411 185 422 '¹
259 413 396 462 Fecerunt
410 408 471 476 dap'
492 407 746 488 ussanguinolenta
758 406 821 459 suis.

154 479 207 538 885
227 478 484 534 Tberodarnanteos
495 485 531 527 ut
544 484 590 546 qiu
602 492 713 528 sensere
724 476 835 538 leones;

258 548 367 617 Quique
379 547 537 599 Thoanteae
551 546 672 597 Taurica
683 562 762 596 sacra
778 544 856 598 deae.

223 621 261 671 Ut
272 634 341 687 quos
355 615 446 684 Scylla
459 632 554 681 vorax,
573 615 737 683 Scyllaeque
751 614 868 665 adversa
880 612 1040 685 Charybdis,

140 734 149 748 4,
256 685 399 737 Dulichiae
412 684 526 764 pavidos
541 684 669 753 eripuere
678 683 746 734 ratis

222 758 260 809 Ut
273 771 341 825 quos
358 753 466 805 dimisit
474 762 582 820 vastem
593 752 774 821 Polyphemus
786 752 817 802 in
830 750 940 806 alvumz
986 774 989 780 ¹

153 823 208 882 390
258 828 294 876 Ut
302 821 509 893 Laestrigonias
521 822 569 893 qui
580 822 689 874 subiere
702 822 808 873 domos.
879 850 897 881 ,.

222 895 260 945 Ut
273 908 342 962 quos
353 890 412 943 ,dur
429 894 534 943 Poenus
543 891 652 943 lmersit
659 890 815 958 putealibus
830 889 920 958 undis,

257 963 291 1013 Et
301 962 375 1013 iacto
390 977 473 1013 cenas
488 961 603 1030 pulvere
614 960 683 1012 fecit
694 976 789 1029 aquas.

221 1034 275 1083 Sex
287 1030 329 1082 bis
343 1037 377 1084 ut
387 1029 511 1082 Icaridos
524 1029 646 1081 semidae
662 1029 779 1096 periere,
796 1028 941 1099 procique,

254 1103 342 1169 Inque
355 1108 440 1168 ceput
452 1098 559 1151 domini
573 1098 621 1168 qui
633 1099 717 1149 debat
729 1115 808 1149 arma
818 1099 922 1165 procis.

152 1168 204 1225 395
223 1170 258 1220 Ut
272 1169 347 1220 iacet
357 1168 445 1219 Aonio
459 1168 582 1220 luctator
596 1168 630 1218 ab
647 1166 756 1235 hospite
765 1167 852 1230 fusus,

259 1237 322 1303 Qui,
340 1238 452 1304 mirum,
471 1236 568 1304 victor,
587 1253 652 1287 cum
665 1236 817 1300 cecidisset,
834 1244 904 1288 erat.

223 1309 259 1358 Ut
272 1323 341 1375 quos
352 1306 449 1358 Autaei
459 1305 549 1380 ¹fortes
564 1322 691 1374 pressere
703 1305 816 1367 lacerti3

257 1378 388 1444 Quosque
404 1375 481 1427 ferae
498 1375 583 1427 morti
598 1375 715 1426 Lemnia
727 1374 811 1425 turba
824 1372 911 1427 dedit.

222 1446 258 1496 Ut
291 1444 319 1495 ui
332 1452 395 1512 post
406 1443 522 1515 longum
532 1443 605 1498 sacri
617 1452 788 1495 monstrator
800 1443 890 1512 iniqui

153 1513 207 1572 400
257 1462 357 1565 Elicuit
371 1513 477 1582 pluvias
493 1513 607 1565 victima
623 1529 720 1564 caesus
733 1530 749 1563 a
770 1530 827 1564 uas.

223 1585 321 1636 Frater
332 1591 365 1633 ut
378 1583 486 1648 Antaei,
533 1599 561 1634 so
576 1583 710 1702 sangiune
727 1582 760 1633 de
780 1581 831 1649 uit,
848 1594 912 1632 aras

256 1651 357 1717 Tinxit,
376 1660 404 1702 et
417 1668 513 1721 exemp
525 1652 547 1703 is
557 1652 620 1703 occi
643 1652 664 1701 it
676 1652 735 1719 ipse
748 1651 813 1702 suis.

223 1723 260 1773 Ut
269 1720 319 1789 qui
331 1720 468 1773 terribiles
481 1735 533 1789 pro
546 1733 664 1791 gramen
678 1720 842 1771 habentibus
852 1717 949 1771 herbis
1045 1737 1047 1744 ·

256 1788 359 1856 Impius
375 1788 497 1841 humano
511 1789 617 1841 viscere
629 1788 705 1857 pavit
720 1803 815 1858 equos.
897 1831 900 1836 .

61 1923 64 1930 7
152 1858 203 1916 405
221 1860 258 1910 Ut
270 1857 324 1907 duo
340 1856 454 1908 diversis
466 1858 517 1909 sub
533 1858 633 1909 eodem
645 1857 755 1910 vindice
772 1857 845 1909 caesi

254 1926 436 1993 Temporibus
450 1929 558 1993 Nessus,
575 1927 781 1996 Dexamenique
799 1942 893 1995 gener.

220 1999 256 2049 Ut
268 2011 416 2064 pronepos,
435 1999 561 2062 Saturne,
578 2005 651 2060 tuus,
670 1995 885 2065 quem-reddere
897 1993 987 2049 vitam

255 2065 330 2118 Urbe
346 2064 495 2117 Coronides
507 2065 577 2117 sidit
592 2066 627 2117 ab
636 2067 695 2133 ipse
706 2082 764 2119 suu.

221 2136 258 2185 Ut
274 2132 353 2199 Sinis,
371 2142 400 2185 et
414 2134 519 2199 Sciron,
538 2143 567 2185 et
578 2152 643 2186 cum
653 2134 841 2203 Polypemone
852 2141 951 2200 natus,

151 2203 204 2263 410
255 2202 363 2272 Quique
380 2203 466 2256 homo
481 2212 561 2272 parte
576 2204 627 2269 sui,
644 2213 724 2271 parte
739 2204 871 2255 iuvencus
885 2213 956 2254 erat.

223 2271 334 2341 Quique
348 2273 439 2324 trabes
453 2288 559 2341 pressas
573 2272 609 2324 ab
624 2272 710 2324 humo
725 2272 855 2324 mittebat
867 2271 897 2323 in
909 2287 1002 2340 etuas,

253 2340 388 2409 Aequoris
404 2341 558 2411 adspiciens
573 2341 697 2393 huius'et
710 2341 823 2393 buiusa
852 2357 901 2397 tas.
1075 2344 1083 2354 '

222 2414 354 2479 Quaeque
370 2412 451 2462 Ceres
466 2409 534 2462 vidit
547 2410 623 2462 laeto
634 2412 782 2479 pereuntia
856 2427 876 2463 u

153 2477 165 2498 ³
255 2480 496 2547 Corpora‘Thesea
510 2481 668 2547 Cercyonea
680 2496 775 2532 manu.

151 2548 202 2607 415
219 2549 295 2600 Haeo
311 2546 371 2612 tibi,
390 2563 473 2617 quem
486 2549 594 2600 meritis
606 2548 734 2615 precibus
744 2566 808 2601 mea
819 2548 938 2600 devovet
946 2547 1002 2616 irs,
1097 2587 1100 2594 r

252 2616 395 2682 Eveniant,
413 2626 462 2668 aut
474 2617 515 2668 his
528 2634 586 2672 non
597 2617 703 2669 leviora
716 2618 806 2672 malis.

219 2685 314 2751 Qualis
325 2684 542 2738 Achaemenides
560 2685 791 2739 Sicula'desertus
805 2688 836 2738 in
849 2690 947 2751 tems,

252 2754 353 2810 Troica
364 2772 431 2810 curn
443 2754 512 2806 vidit
525 2755 589 2806 vela
602 2755 705 2819 venire,
722 2756 786 2812 fuit.

220 2822 315 2887 Qualis
330 2834 390 2875 erat
402 2841 460 2876 ¹nec
473 2839 529 2874 non
547 2823 662 2875 fortuna
675 2824 826 2876 binominis
838 2824 884 2888 Iri,

150 2890 203 2960 420
257 2891 366 2961 Quique
378 2902 475 2945 tenent
487 2900 612 2960 pontem,
632 2907 702 2961 quae
716 2895 768 2946 tibi
782 2893 862 2962 peior
876 2889 940 2944 erit.

218 2959 302 3013 Filius
318 2970 346 3011 et
358 2963 462 3013 Cereris
475 2961 579 3013 frustra
592 2962 643 3013 tibi
658 2979 768 3031 semper
783 2970 902 3031 ametur,

254 3030 444 3099 Destituatque
456 3040 518 3082 tuus
532 3046 563 3081 us
584 3047 619 3084 ue
630 3031 734 3099 petitus
748 3048 823 3099 opes.

218 3100 310 3165 thue
325 3113 376 3164 per
389 3100 510 3151 alternos
522 3048 598 3151 unia
607 3100 719 3152 labente
732 3116 861 3153 recursus
927 3107 931 3115 '

252 3164 429 3217 subtrahitur
443 3184 539 3236 presso
554 3168 646 3220 mollis
658 3186 742 3221 arena
754 3168 834 3237 pcdi3

150 3232 201 3289 425
219 3232 263 3284 Sic
275 3241 325 3306 tua
336 3234 429 3285 nescio
445 3253 500 3305 quo
512 3252 625 3306 semper
636 3231 752 3290 fo‘rtuna
763 3239 913 3308 liquescat:
934 3245 936 3250 ’

251 3303 396 3370 Lapsaque
409 3310 460 3371 per
474 3303 580 3358 mediae
595 3307 693 3360 effluat
705 3324 792 3379 usque
804 3320 923 3370 mantis„
