2334 3842
117 206 182 281 268
389 220 420 275 a.
441 216 806 274 ov1u11ursou1s

128 385 130 390 ·
222 365 314 422 Rebus
327 363 362 418 ab
374 361 476 431 auditis
489 362 702 434 conspicuisque
711 362 806 417 seuit?

189 437 248 490 Nec
260 437 335 490 nitor
348 433 472 505 argenti,
490 450 572 514 quem
583 450 632 486 vos
647 433 766 496 vidistis,
787 440 816 485 et
828 435 900 502 auri,

223 505 304 570 Quod
317 504 387 557 mihi
398 502 531 568 defuerit,
548 519 730 572 purpuraque
744 503 809 571 ifle,
827 519 944 572 queror.
972 545 976 560 .

137 574 172 632 25
189 573 244 627 Sed
254 575 336 639 loca,
353 572 402 624 sed
414 580 510 642 gentes
521 572 662 625 formatae
674 572 752 624 mille
765 572 863 643 figuris

221 643 378 696 Nutrissent
388 656 516 707 carmen,
533 641 697 722 proeliaque
708 641 783 710 ipsa,
800 658 906 698 meum.

188 715 223 767 Et
235 728 335 794 regum
346 709 453 777 vultus,
470 711 624 762 certissime
636 713 756 831 pagum
769 710 881 781 mentis,

223 786 359 834 Iurissent
370 779 464 849 aliqua
473 778 593 832 forsitan
604 779 655 830 illu
684 795 762 849 opus.

187 851 331 905 Plausibus
343 864 376 901 ex
389 848 455 917 ipsis
467 848 579 918 populi,
596 847 728 919 laetoque
740 849 850 917 favore,

136 920 173 980 80
223 918 370 991 Ingenium
383 917 499 987 quodvis
514 917 662 978 incaluisse
676 926 777 987 potest.

188 990 313 1059 Tamque
329 1003 381 1059 ego
396 987 555 1039 sumsisssm
568 986 620 1039 tali
633 987 757 1048 clamore
766 986 909 1058 vigorem,

225 1064 317 1124 Quam
327 1055 405 1109 rudis
417 1056 513 1110 audita
522 1055 604 1108 miles
618 1056 654 1109 ad
664 1073 744 1109 arms
753 1057 830 1109 tuba.
898 1111 901 1114 ,

188 1128 307 1182 Pectora
316 1126 373 1179 siut
385 1125 467 1179 nobis
481 1126 590 1177 nivibus
601 1125 747 1196 glacieque
759 1124 866 1193 licebit,

224 1200 314 1266 Atque
325 1196 395 1262 hoc,
409 1212 495 1265 quem
508 1194 615 1264 patior,
630 1194 780 1265 frigidiora
791 1195 873 1247 loco:

137 1264 172 1323 35
187 1264 241 1320 Ille
256 1265 335 1318 ducis
347 1264 450 1331 facies,
467 1264 497 1316 in
512 1280 599 1316 curru
611 1264 710 1315 stantis
725 1263 843 1331 eburno,

224 1337 373 1387 Excuteret
384 1332 473 1405 frigus
489 1333 614 1385 sensibus
627 1349 711 1385 omne
721 1334 799 1388 meis.

189 1404 237 1459 His
250 1421 302 1475 ego
314 1403 456 1470 defectus,
474 1402 620 1471 dubiisque
633 1402 796 1455 auctoribus
809 1417 883 1470 usus,

161 1537 163 1544 y
224 1473 266 1525 sd
278 1474 366 1525 vestri
374 1472 455 1525 venio
469 1472 530 1523 iure
541 1470 645 1523 favoris
657 1487 749 1540 opem.

189 1543 248 1596 Nec
261 1542 332 1594 mihi
343 1551 412 1595 note
424 1541 544 1608 ducum,
560 1557 615 1593 nec
629 1549 693 1592 sunt
705 1539 778 1592 mihi
790 1548 860 1593 uota
871 1539 1005 1599 locorum

138 1610 175 1669 40
223 1610 359 1665 Nomina:
374 1611 525 1663 materiam
534 1609 582 1662 vix
594 1610 717 1664 habuere
732 1626 839 1665 manus.

189 1682 255 1736 Pars
268 1688 355 1750 quota
369 1679 403 1734 de
415 1675 502 1732 tantis'
511 1680 610 1745 rebus,
630 1696 716 1750 quam
726 1683 813 1732 Fama
825 1679 942 1749 referre,

223 1754 278 1802 Aut
288 1748 388 1817 aliquis
400 1749 480 1801 nobis
491 1749 615 1801 scribere
627 1757 733 1818 posset,
751 1748 830 1801 erat?

190 1820 252 1884 Quo
264 1820 367 1888 magis,
386 1833 403 1869 o
415 1818 522 1884 lector,
539 1817 624 1870 debes
636 1818 796 1892 ignoscere,
814 1817 918 1889 siquid

222 1890 354 1939 'Erretum
370 1885 496 1952 estillic,
513 1886 732 1955 praeteritumve
748 1886 826 1941 mihi.

139 1953 174 2011 45
191 1952 283 2022 Adde,
301 1954 391 2025 quod,
410 1955 550 2008 assiduam
562 1955 671 2007 domini
683 1956 819 2009 meditata
828 1958 987 2028 querelam,

228 2025 270 2077 sd
282 2023 387 2076 laetum
401 2042 517 2096 carmen
528 2023 575 2077 vix
586 2041 650 2077 mea
663 2042 742 2078 versa
751 2025 813 2094 lyra
824 2034 874 2080 est.

189 2096 241 2150 Vix
254 2094 328 2146 bona
342 2104 405 2162 post
416 2103 498 2146 tanto
514 2094 660 2164 quaerenti
673 2094 760 2147 verba
772 2095 917 2149 subibant:
960 2113 963 2116 ·

225 2167 259 2215 Et
271 2163 393 2233 gaudere
405 2163 525 2233 aliquid,
542 2180 588 2215 res
603 2163 672 2215 mihi
685 2164 744 2216 viss
756 2181 830 2216 nova
842 2173 893 2219 est.

130 2241 134 2248 '
191 2239 284 2315 thue
295 2233 481 2286 reformidant
492 2233 633 2285 irrsuemrn
644 2232 751 2285 lumina
762 2232 861 2301 solem,

140 2299 176 2356 60
224 2305 270 2354 Sic
283 2301 319 2353 ad
331 2300 467 2354 laetitiam
482 2317 560 2354 mens
575 2318 638 2354 mea
653 2302 746 2372 segnis
759 2310 832 2355 erat<

190 2373 243 2424 Est·
253 2387 365 2441 quoque
378 2379 545 2424 cunctarum
557 2372 668 2423 novitas
680 2371 822 2423 carissima
832 2383 945 2425 renam}
973 2374 979 2378 ’
1013 2407 1018 2414 ·

227 2440 379 2509 Gratieque
391 2440 502 2505 officio,
520 2440 596 2510 quod
611 2457 692 2492 mora
703 2438 811 2505 tardat,
829 2441 917 2496 abest.

191 2508 307 2561 Caetera
318 2509 446 2561 certatim
458 2509 493 2560 de
507 2526 611 2579 magno
622 2509 727 2578 scripta
738 2508 882 2579 triumpho

224 2582 285 2631 Iam
299 2578 409 2646 pridem
422 2577 521 2646 populi
533 2579 660 2648 suspicor
672 2594 721 2629 ore
732 2577 798 2648 legi.
841 2599 845 2604 ·

109 2679 113 2686 -
140 2644 174 2700 55
190 2646 242 2699 Illa
256 2646 327 2699 bibit
341 2646 435 2703 sitient
449 2648 553 2713 lector,
570 2664 636 2700 mea
646 2646 748 2717 pocula
760 2646 875 2727 plenus:

227 2716 276 2768 Illa
290 2732 388 2768 recens
404 2725 471 2785 pota
485 2725 540 2782 est,
558 2725 655 2768 nostra
667 2724 786 2797 tepescrt
800 2733 882 2786 aqua.

190 2784 255 2838 Non
269 2802 321 2856 ego
335 2786 455 2851 cessavi,
473 2802 526 2838 nec
538 2785 609 2838 fecit
620 2786 723 2842 inertia
734 2802 843 2838 serum:

184 2853 189 2862 “
228 2853 335 2906 Ultima
349 2872 396 2908 me
409 2857 478 2907 vasti
492 2857 610 2908 sustinet
622 2870 673 2907 ora
685 2854 761 2906 freti.

191 2922 264 2974 Dum
278 2923 354 2978 venit
365 2926 421 2977 huc
433 2941 547 2991 rumor,
564 2932 771 3004 properataque
783 2922 910 2976 camina
919 2921 1008 2991 fiunt,

138 2988 176 3044 60
217 2993 365 3071 factaque
379 3003 446 3046 eunt
458 2994 494 3046 ed
506 3011 569 3059 vos,
588 3005 676 3045 annus
689 2993 777 3045 abisse
791 3001 891 3061 potest.
903 3048 907 3054 .

190 3061 250 3113 Nec
262 3061 411 3115 minimum
425 3063 527 3127 refert,
541 3063 648 3114 intacta
663 3061 771 3115 rosaria
785 3061 902 3131 primus,

224 3134 267 3181 An
282 3146 345 3181 sera
361 3148 375 3181 c
428 3149 457 3183 as
469 3148 557 3211 paene
568 3131 669 3184 relicte
679 3148 775 3185 manu.

181 3197 264 3276 *Quiri
278 3148 493 3264 mirunffiectu
508 3200 639 3253 exhausto
652 3200 771 3252 floribus
786 3199 881 3269 horto,

225 3270 253 3315 St
265 3265 336 3317 duce
347 3282 405 3316 non
415 3267 492 3319 facta
503 3277 543 3320 est
554 3269 640 3339 digua
651 3286 756 3321 corona
768 3269 838 3321 suo?

138 3331 172 3385 65
190 3334 346 3405 Deprecor,
364 3335 434 3392 bate
446 3346 541 3390 satum
556 3348 656 3393 contra
669 3356 720 3393 sua
732 3338 860 3394 earmina
870 3353 906 3391 ne
919 3335 979 3409 quis
