2334 3842
500 285 711 342 lats.

129 438 222 506 thue
237 431 282 486 rel
289 431 400 487 'Euenus
411 430 532 484 torrenti
547 429 664 485 ilumine
688 445 796 489 mersus

163 504 284 557 Nomina
296 504 345 564 des
358 500 483 572 rapidae,
507 500 552 553 vel
569 502 727 568 tiberinus,
744 515 843 575 aquae.

127 572 334 643 Astacidaeque
346 570 432 624 modo
453 570 546 623 decisa
559 571 696 624 cadavere
713 580 816 626 trunco

163 643 194 694 Di
235 642 345 710 aseris,
362 640 471 693 bomini
488 641 524 692 sit
543 649 628 712 caput
641 653 705 693 esca
720 650 810 695 tuum.

86 712 190 775 ,Quo
212 713 267 782 que
277 708 374 763 fenmt
386 713 505 762 Brotean
521 705 623 762 iecisse
637 709 770 782 cupidine
791 710 903 780 mattis,
999 733 1003 738 ·
1082 690 1086 699 ¹

161 782 216 832 Des
232 788 282 833 tua
295 795 444 833 succensae
455 775 584 831 membra
603 779 757 831 cremanda
773 793 869 850 pyrae.

125 848 308 919 Inclususque
323 861 423 902 necem
437 863 522 900 cavea
534 847 657 916 patiaris,
674 857 709 900 ut
723 845 773 903 ille

161 920 225 971 Non
242 918 421 989 profecturae
436 915 566 970 conditor
578 916 721 970 historiae.

125 991 220 1057 thsxe
237 983 375 1056 repertori
389 988 487 1040 nocuit
504 987 640 1058 pugnacis
658 986 758 1052 limbi,

149 1056 208 1108 .Sic
217 1055 290 1109 sitin
302 1056 418 1110 exitium
434 1055 532 1130 lingua
551 1053 683 1125 prdierva
698 1064 790 1109 tuum.

125 1125 219 1195 thue
234 1142 336 1196 parurn
350 1124 444 1179 stabili
456 1123 504 1205 qui
517 1124 645 1177 carmina
662 1124 745 1179 laesit
762 1122 895 1190 Athenas,

160 1195 263 1247 Invisus
274 1210 372 1272 pereas
393 1193 540 1246 defic1ente
559 1192 632 1247 cibo.

125 1266 196 1315 Utve
207 1262 286 1332 lyrae
300 1270 378 1315 vates
391 1257 482 1315 fertur
493 1259 608 1331 periisse
624 1265 753 1330 severam

162 1334 249 1384 Causa
267 1332 303 1383 sit
318 1332 393 1384 exitii
412 1329 527 1383 dextera
543 1331 619 1385 laesa
636 1332 686 1386 tui.

124 1404 163 1454 Ut
203 1399 450 1472 elgamemnonio
463 1401 562 1453 vulnus
577 1400 653 1454 dedit
670 1400 770 1473 anguis
782 1393 912 1472 Orestae3
1005 1421 1008 1425 ·

159 1419 202 1522 'iii
220 1486 333 1551 quoque
352 1469 386 1522 de
399 1485 496 1523 morsu
508 1467 584 1522 virus
597 1470 721 1522 habente
737 1470 831 1524 cadas.
889 1481 890 1486 ’

122 1535 232 1592 situla
248 1539 374 1611 coniugii
384 1551 442 1591 nor
453 1539 546 1609 prima
562 1539 711 1592 novissima
725 1539 807 1595 vitae.

159 1607 272 1678 Eupolis
283 1608 339 1664 hoc
351 1605 439 1680 periit
452 1616 480 1660 et
500 1623 574 1661 nova
587 1607 680 1678 'nupta
690 1607 788 1662 modo.

122 1680 218 1747 thue
232 1671 430 1730 cothurnatum
444 1676 577 1730 cecidisse
597 1677 783 1749 Lycophrona
796 1677 928 1744 narrant3

158 1748 279 1800 Haereat
288 1746 319 1802 in
332 1746 411 1804 fibris
422 1743 477 1799 lixa
493 1746 596 1820 sagitta
611 1747 675 1800 tn‘is.

40 1857 44 1863 .
121 1818 179 1869 Aut
191 1814 273 1868 laser
284 1815 314 1867 in
328 1813 402 1869 silvis
416 1815 548 1869 manibus
559 1815 694 1886 spargare
709 1817 839 1872 tuorum:

159 1888 274 1954 Sparsus
286 1893 319 1937 ut
332 1895 373 1938 est
386 1883 487 1938 Thebis
501 1901 592 1957 angue
605 1889 715 1938 creatus
727 1901 789 1940 avo.

121 1951 234 2023 Parque
243 1953 323 2005 'ieros
331 1951 447 2007 'montes
455 1963 537 2007 tauro
559 1955 687 2035 rapiente
705 1953 841 2008 mahamet

159 2026 196 2076 Ut
208 2031 301 2074 tracta
316 2032 358 2075 est
381 2023 483 2079 coniux
499 2023 539 2076 im
561 2039 652 2075 enosa
663 2026 740 2091 Lyci.

107 2097 115 2118 ⁸
150 2089 264 2161 uo‘dque
276 2087 341 2143 suae
352 2107 432 2162 passa
446 2100 488 2143 est
508 2040 604 2162 peiler
618 2089 706 2143 inrita
723 2092 824 2162 sorori,

158 2161 273 2215 Excidat
285 2168 350 2213 ante
390 2160 454 2213 edes
467 2159 565 2231 lingua
576 2166 687 2213 resecta
696 2169 769 2215 tuos
847 2207 850 2216 ,

121 2230 259 2288 Conditor
271 2239 304 2282 ut
320 2178 429 2298 tardae,
446 2229 557 2281 Blaesus
576 2246 610 2281 co
651 2229 754 2299 omine,
770 2228 901 2301 Cyrrhae,
924 2233 926 2237 '

159 2299 239 2353 Orbis
250 2298 280 2350 in
300 2298 454 2353 innumeris
465 2297 607 2351 inveniare
633 2298 701 2352 ocis.

119 2372 156 2424 1n
195 2368 280 2420 etuis
294 2365 397 2437 opilari,
413 2368 472 2421 vati
487 2366 562 2442 quod
574 2365 646 2419 fecit
661 2365 782 2438 Achaeo,

158 2385 249 2490 dixis
260 2436 414 2490 luminibus
433 2435 539 2508 spicula
554 2435 657 2490 condat
668 2436 736 2507 apis.

120 2504 206 2560 Fixus
219 2515 248 2558 et
261 2505 291 2558 in
304 2506 380 2560 duris
400 2522 433 2559 ca
469 2505 524 2558 aris
536 2504 645 2558 viscera
663 2503 746 2559 siris:

160 2574 257 2628 Utcui
270 2571 377 2645 Pyrrha
391 2575 434 2628 sui
480 2575 509 2628 ia
526 2573 624 2627 fratris
638 2577 707 2630 era't.

120 2646 163 2697 Ut
172 2660 243 2714 puer
253 2644 425 2715 Harpagides
444 2643 551 2697 referas
566 2644 693 2715 exempla
710 2641 858 2715 hyenae,

157 2713 293 2783 Inquetui
308 2730 404 2766 caesus
426 2712 535 2767 discere
569 2714 637 2766 atris
651 2730 706 2769 eas.

120 2784 235 2838 Trunca
249 2778 329 2853 geras
342 2799 424 2836 saevo
437 2783 536 2835 mutila
560 2782 711 2852 apartibus
725 2787 800 2848 ense,

91 2879 102 2888 κ
160 2851 259 2916 Qualia
270 2850 429 2920 Mimnermi
446 2852 575 2905 membra
586 2851 675 2903 inisse
696 2850 802 2907 ferunt.

121 2924 196 2976 Utve
210 2921 353 2990 Syracosio
367 2919 535 2992 praestricta
546 2920 632 2974 fauce
651 2921 761 2991 poetae,

159 2988 206 3042 Sic
220 2990 331 3043 animae
341 2991 443 3061 laqueo
457 2990 492 3044 sit
504 2989 550 3044 ria
563 2990 658 3042 clausa
675 2998 751 3044 tuae.

121 3057 240 3117 Nudave
252 3058 367 3129 derepta
377 3068 492 3131 pateant
503 3068 553 3113 tua
570 3060 678 3112 viscera
687 3055 779 3129 pelle:

159 3132 197 3180 Ut
208 3127 360 3209 Phrygium
377 3129 457 3182 cuius
469 3128 584 3181 nomina
598 3127 708 3181 flumen
719 3127 814 3182 habet.

95 3257 99 3262 ,
122 3196 259 3254 Saxificae
271 3196 364 3251 videas
380 3197 478 3252 infelix
494 3211 545 3251 ora
560 3197 701 3266 Medusae,

159 3268 196 3318 Ge
215 3266 321 3320 benum
336 3266 442 3320 multas
477 3284 530 3320 uae
547 3266 625 3320 dedit
635 3281 690 3319 una
702 3264 776 3318 neci.
822 3269 823 3272 ’

122 3284 290 3389 Potniadum
302 3353 410 3389 morsus
482 3351 536 3403 eas,
553 3345 586 3410 ut
598 3336 728 3403 Glaucus,
746 3343 897 3406 equarum:

158 3408 247 3476 Inque
260 3405 451 3475 marisralias,
468 3405 591 3460 Glaucus
608 3413 641 3459 ut
658 3405 741 3473 alter,
758 3418 852 3474 aquas.

166 3511 237 3554 outa
250 3500 302 3556 111.
489 3547 493 3556 .
796 3495 856 3552 D‘l
