<?xml version="1.0" encoding="UTF-8"?>
<!DOCTYPE html PUBLIC "-//W3C//DTD XHTML 1.0 Transitional//EN"
    "http://www.w3.org/TR/xhtml1/DTD/xhtml1-transitional.dtd">
<html xmlns="http://www.w3.org/1999/xhtml" xml:lang="en" lang="en">
 <head>
  <title>
</title>
<meta http-equiv="Content-Type" content="text/html;charset=utf-8" />
  <meta name='ocr-system' content='tesseract 3.04.00' />
  <meta name='ocr-capabilities' content='ocr_page ocr_carea ocr_par ocr_line ocrx_word'/>
</head>
<body>
  <div class='ocr_page' id='page_1' title='image "./operaomnia00unkngoog/operaomnia00unkngoog_0073.png"; bbox 0 0 2334 3842; ppageno 0'>
   <div class='ocr_carea' id='block_1_1' title="bbox 346 222 779 281">
    <p class='ocr_par' dir='ltr' id='par_1_1' title="bbox 346 222 779 281">
     <span class='ocr_line' id='line_1_1' title="bbox 346 222 779 281; baseline 0 -3"><span class='ocrx_word' id='word_1_1' title='bbox 346 223 601 281; x_wconf 77' lang='lat' dir='ltr'>PASTORUM</span> <span class='ocrx_word' id='word_1_2' title='bbox 624 222 706 278; x_wconf 87' lang='lat' dir='ltr'><strong>LIB.</strong></span> <span class='ocrx_word' id='word_1_3' title='bbox 729 222 779 278; x_wconf 81' lang='lat'>111.</span> 
     </span>
    </p>
   </div>
   <div class='ocr_carea' id='block_1_2' title="bbox 22 367 879 2976">
    <p class='ocr_par' dir='ltr' id='par_1_2' title="bbox 22 367 879 2976">
     <span class='ocr_line' id='line_1_2' title="bbox 80 367 829 446; baseline -0.001 -21"><span class='ocrx_word' id='word_1_4' title='bbox 80 367 218 441; x_wconf 77' lang='lat' dir='ltr'><strong>Nysiadea</strong></span> <span class='ocrx_word' id='word_1_5' title='bbox 231 367 386 441; x_wconf 79' lang='lat' dir='ltr'><strong>Nymphae,</strong></span> <span class='ocrx_word' id='word_1_6' title='bbox 401 384 520 440; x_wconf 85' lang='lat' dir='ltr'><strong>puerum</strong></span> <span class='ocrx_word' id='word_1_7' title='bbox 534 378 687 440; x_wconf 75' lang='lat' dir='ltr'><strong>quaerente</strong></span> <span class='ocrx_word' id='word_1_8' title='bbox 699 383 829 446; x_wconf 78' lang='lat' dir='ltr'><strong>noverca7</strong></span> 
     </span>
     <span class='ocr_line' id='line_1_3' title="bbox 117 438 704 509; baseline -0.002 -17"><span class='ocrx_word' id='word_1_9' title='bbox 117 442 196 492; x_wconf 80' lang='lat' dir='ltr'><strong>lianc</strong></span> <span class='ocrx_word' id='word_1_10' title='bbox 207 438 340 492; x_wconf 81' lang='lat' dir='ltr'><strong>frondem</strong></span> <span class='ocrx_word' id='word_1_11' title='bbox 354 438 433 492; x_wconf 84' lang='lat' dir='ltr'><strong>cunis</strong></span> <span class='ocrx_word' id='word_1_12' title='bbox 446 455 600 509; x_wconf 88' lang='lat' dir='ltr'><strong>opposuere</strong></span> <span class='ocrx_word' id='word_1_13' title='bbox 615 440 704 491; x_wconf 83' lang='lat' dir='ltr'><strong>novis.</strong></span> 
     </span>
     <span class='ocr_line' id='line_1_4' title="bbox 80 498 783 580; baseline 0 -18"><span class='ocrx_word' id='word_1_14' title='bbox 80 509 186 574; x_wconf 80' lang='lat' dir='ltr'><strong>Restat,</strong></span> <span class='ocrx_word' id='word_1_15' title='bbox 206 516 238 561; x_wconf 88' lang='lat' dir='ltr'><strong>ut</strong></span> <span class='ocrx_word' id='word_1_16' title='bbox 251 498 400 576; x_wconf 80' lang='lat' dir='ltr'><strong>inveniam,</strong></span> <span class='ocrx_word' id='word_1_17' title='bbox 419 524 506 578; x_wconf 89' lang='lat' dir='ltr'><strong>quare</strong></span> <span class='ocrx_word' id='word_1_18' title='bbox 519 515 586 580; x_wconf 79' lang='lat' dir='ltr'><strong>toga</strong></span> <span class='ocrx_word' id='word_1_19' title='bbox 600 508 691 561; x_wconf 79' lang='lat' dir='ltr'><strong>libera</strong></span> <span class='ocrx_word' id='word_1_20' title='bbox 700 507 783 562; x_wconf 80' lang='lat' dir='ltr'><strong>detur</strong></span> 
     </span>
     <span class='ocr_line' id='line_1_5' title="bbox 115 576 704 659; baseline 0.003 -29"><span class='ocrx_word' id='word_1_21' title='bbox 115 576 248 630; x_wconf 76' lang='lat' dir='ltr'><strong>Lucifero</strong></span> <span class='ocrx_word' id='word_1_22' title='bbox 260 579 364 659; x_wconf 71' lang='lat' dir='ltr'><strong>queris,</strong></span> <span class='ocrx_word' id='word_1_23' title='bbox 380 577 499 631; x_wconf 78' lang='lat' dir='ltr'>candide</span> <span class='ocrx_word' id='word_1_24' title='bbox 511 580 629 643; x_wconf 84' lang='lat' dir='ltr'><strong>Bacche,</strong></span> <span class='ocrx_word' id='word_1_25' title='bbox 645 587 704 633; x_wconf 88' lang='lat' dir='ltr'><strong>tuo.</strong></span> 
     </span>
     <span class='ocr_line' id='line_1_6' title="bbox 79 645 828 718; baseline 0 -19"><span class='ocrx_word' id='word_1_26' title='bbox 79 648 155 712; x_wconf 76' lang='lat' dir='ltr'><strong>Sive,</strong></span> <span class='ocrx_word' id='word_1_27' title='bbox 172 646 249 718; x_wconf 92' lang='lat' dir='ltr'><strong>quod</strong></span> <span class='ocrx_word' id='word_1_28' title='bbox 261 664 320 717; x_wconf 80' lang='lat' dir='ltr'><strong>rpse</strong></span> <span class='ocrx_word' id='word_1_29' title='bbox 334 663 406 718; x_wconf 87' lang='lat' dir='ltr'><strong>puer</strong></span> <span class='ocrx_word' id='word_1_30' title='bbox 418 663 528 717; x_wconf 83' lang='lat' dir='ltr'>semper</span> <span class='ocrx_word' id='word_1_31' title='bbox 539 645 700 718; x_wconf 78' lang='lat' dir='ltr'><strong>iuvenisque</strong></span> <span class='ocrx_word' id='word_1_32' title='bbox 711 646 828 712; x_wconf 61' lang='lat' dir='ltr'><strong>videtin</strong></span> 
     </span>
     <span class='ocr_line' id='line_1_7' title="bbox 115 715 735 786; baseline 0.003 -18"><span class='ocrx_word' id='word_1_33' title='bbox 115 718 151 768; x_wconf 87' lang='lat' dir='ltr'><strong>Et</strong></span> <span class='ocrx_word' id='word_1_34' title='bbox 160 715 254 768; x_wconf 86' lang='lat' dir='ltr'><strong>madia</strong></span> <span class='ocrx_word' id='word_1_35' title='bbox 265 716 308 770; x_wconf 83' lang='lat' dir='ltr'><strong>&#39;est</strong></span> <span class='ocrx_word' id='word_1_36' title='bbox 323 724 399 770; x_wconf 85' lang='lat' dir='ltr'><strong>aetas</strong></span> <span class='ocrx_word' id='word_1_37' title='bbox 411 716 485 770; x_wconf 88' lang='lat' dir='ltr'><strong>inter</strong></span> <span class='ocrx_word' id='word_1_38' title='bbox 498 725 650 786; x_wconf 85' lang='lat' dir='ltr'><strong>utrumque</strong></span> <span class='ocrx_word' id='word_1_39' title='bbox 664 717 735 770; x_wconf 84' lang='lat' dir='ltr'><strong>tibi:</strong></span> 
     </span>
     <span class='ocr_line' id='line_1_8' title="bbox 77 784 827 857; baseline 0.001 -20"><span class='ocrx_word' id='word_1_40' title='bbox 77 787 136 838; x_wconf 81' lang='lat' dir='ltr'><strong>Seu</strong></span> <span class='ocrx_word' id='word_1_41' title='bbox 150 784 214 856; x_wconf 90' lang='lat' dir='ltr'><strong>quia</strong></span> <span class='ocrx_word' id='word_1_42' title='bbox 228 792 261 836; x_wconf 91' lang='lat' dir='ltr'><strong>tu</strong></span> <span class='ocrx_word' id='word_1_43' title='bbox 275 794 356 855; x_wconf 86' lang='lat' dir='ltr'><strong>pater</strong></span> <span class='ocrx_word' id='word_1_44' title='bbox 371 802 415 851; x_wconf 82' lang='lat' dir='ltr'><strong>es;</strong></span> <span class='ocrx_word' id='word_1_45' title='bbox 432 793 526 856; x_wconf 84' lang='lat' dir='ltr'><strong>patrea</strong></span> <span class='ocrx_word' id='word_1_46' title='bbox 540 802 591 837; x_wconf 87' lang='lat' dir='ltr'><strong>sua</strong></span> <span class='ocrx_word' id='word_1_47' title='bbox 602 786 729 857; x_wconf 76' lang='lat' dir='ltr'><strong>pignora,</strong></span> <span class='ocrx_word' id='word_1_48' title='bbox 746 792 827 838; x_wconf 81' lang='lat' dir='ltr'><strong>nator</strong></span> 
     </span>
     <span class='ocr_line' id='line_1_9' title="bbox 115 854 722 924; baseline 0.003 -18"><span class='ocrx_word' id='word_1_49' title='bbox 115 854 320 909; x_wconf 83' lang='lat' dir='ltr'><strong>Commendant</strong></span> <span class='ocrx_word' id='word_1_50' title='bbox 331 872 415 908; x_wconf 88' lang='lat' dir='ltr'><strong>curae</strong></span> <span class='ocrx_word' id='word_1_51' title='bbox 430 854 646 924; x_wconf 79' lang='lat' dir='ltr'><strong>numinibusque</strong></span> <span class='ocrx_word' id='word_1_52' title='bbox 659 857 722 908; x_wconf 84' lang='lat' dir='ltr'><strong>tuis.</strong></span> 
     </span>
     <span class='ocr_line' id='line_1_10' title="bbox 76 921 834 1005; baseline 0.003 -30"><span class='ocrx_word' id='word_1_53' title='bbox 76 922 154 988; x_wconf 82' lang='lat' dir='ltr'><strong>Sive,</strong></span> <span class='ocrx_word' id='word_1_54' title='bbox 173 921 249 1005; x_wconf 87' lang='lat' dir='ltr'><strong>quod</strong></span> <span class='ocrx_word' id='word_1_55' title='bbox 263 940 293 976; x_wconf 86' lang='lat' dir='ltr'><strong>ea</strong></span> <span class='ocrx_word' id='word_1_56' title='bbox 303 924 396 991; x_wconf 84' lang='lat' dir='ltr'><strong>Liber,</strong></span> <span class='ocrx_word' id='word_1_57' title='bbox 413 924 496 976; x_wconf 82' lang='lat' dir='ltr'><strong>vestis</strong></span> <span class='ocrx_word' id='word_1_58' title='bbox 509 940 622 993; x_wconf 87' lang='lat' dir='ltr'><strong>quoque</strong></span> <span class='ocrx_word' id='word_1_59' title='bbox 637 923 726 977; x_wconf 84' lang='lat' dir='ltr'><strong>libera</strong></span> <span class='ocrx_word' id='word_1_60' title='bbox 738 940 791 995; x_wconf 87' lang='lat' dir='ltr'><strong>per</strong></span> <span class='ocrx_word' id='word_1_61' title='bbox 805 932 834 976; x_wconf 86' lang='lat' dir='ltr'><strong>te</strong></span> 
     </span>
     <span class='ocr_line' id='line_1_11' title="bbox 113 992 611 1059; baseline 0.004 -15"><span class='ocrx_word' id='word_1_62' title='bbox 113 996 247 1059; x_wconf 76' lang='lat' dir='ltr'><strong>Sumrtur,</strong></span> <span class='ocrx_word' id='word_1_63' title='bbox 266 1001 295 1045; x_wconf 90' lang='lat' dir='ltr'><strong>et</strong></span> <span class='ocrx_word' id='word_1_64' title='bbox 306 993 379 1045; x_wconf 82' lang='lat' dir='ltr'><strong>ritae</strong></span> <span class='ocrx_word' id='word_1_65' title='bbox 391 992 531 1046; x_wconf 84' lang='lat' dir='ltr'><strong>liberioris</strong></span> <span class='ocrx_word' id='word_1_66' title='bbox 543 993 611 1046; x_wconf 86' lang='lat' dir='ltr'><strong>iter.</strong></span> 
     </span>
     <span class='ocr_line' id='line_1_12' title="bbox 74 1060 807 1133; baseline 0.003 -21"><span class='ocrx_word' id='word_1_67' title='bbox 74 1064 121 1112; x_wconf 80' lang='lat' dir='ltr'><strong>An</strong></span> <span class='ocrx_word' id='word_1_68' title='bbox 135 1061 210 1131; x_wconf 88' lang='lat' dir='ltr'><strong>quia,</strong></span> <span class='ocrx_word' id='word_1_69' title='bbox 230 1079 295 1114; x_wconf 89' lang='lat' dir='ltr'><strong>cum</strong></span> <span class='ocrx_word' id='word_1_70' title='bbox 313 1062 397 1131; x_wconf 79' lang='lat' dir='ltr'><strong>prisci</strong></span> <span class='ocrx_word' id='word_1_71' title='bbox 410 1063 537 1115; x_wconf 85' lang='lat' dir='ltr'><strong>colerent</strong></span> <span class='ocrx_word' id='word_1_72' title='bbox 549 1060 698 1114; x_wconf 71' lang='lat' dir='ltr'><strong>studiosius</strong></span> <span class='ocrx_word' id='word_1_73' title='bbox 713 1076 807 1133; x_wconf 74' lang='lat' dir='ltr'><strong>agros,</strong></span> 
     </span>
     <span class='ocr_line' id='line_1_13' title="bbox 55 1130 676 1200; baseline -0.008 -13"><span class='ocrx_word' id='word_1_74' title='bbox 55 1181 59 1187; x_wconf 93' lang='lat'>.</span> <span class='ocrx_word' id='word_1_75' title='bbox 112 1132 148 1182; x_wconf 87' lang='lat' dir='ltr'><strong>Et</strong></span> <span class='ocrx_word' id='word_1_76' title='bbox 158 1131 250 1199; x_wconf 85' lang='lat' dir='ltr'><strong>patrio</strong></span> <span class='ocrx_word' id='word_1_77' title='bbox 260 1130 370 1184; x_wconf 77' lang='lat' dir='ltr'><strong>faceret</strong></span> <span class='ocrx_word' id='word_1_78' title='bbox 382 1148 448 1184; x_wconf 88' lang='lat' dir='ltr'><strong>rure</strong></span> <span class='ocrx_word' id='word_1_79' title='bbox 462 1140 573 1183; x_wconf 84' lang='lat' dir='ltr'><strong>senator</strong></span> <span class='ocrx_word' id='word_1_80' title='bbox 591 1147 676 1200; x_wconf 80' lang='lat' dir='ltr'><strong>opus3</strong></span> 
     </span>
     <span class='ocr_line' id='line_1_14' title="bbox 72 1199 699 1269; baseline 0 -17"><span class='ocrx_word' id='word_1_81' title='bbox 72 1199 111 1252; x_wconf 86' lang='lat' dir='ltr'><strong>Et</strong></span> <span class='ocrx_word' id='word_1_82' title='bbox 125 1207 239 1269; x_wconf 86' lang='lat' dir='ltr'><strong>caperet</strong></span> <span class='ocrx_word' id='word_1_83' title='bbox 251 1199 342 1253; x_wconf 83' lang='lat' dir='ltr'><strong>fasces</strong></span> <span class='ocrx_word' id='word_1_84' title='bbox 353 1218 370 1252; x_wconf 89' lang='lat' dir='ltr'><strong>a</strong></span> <span class='ocrx_word' id='word_1_85' title='bbox 382 1218 468 1253; x_wconf 82' lang='lat' dir='ltr'><strong>curvo</strong></span> <span class='ocrx_word' id='word_1_86' title='bbox 481 1199 580 1256; x_wconf 87' lang='lat' dir='ltr'><strong>consul</strong></span> <span class='ocrx_word' id='word_1_87' title='bbox 595 1208 699 1267; x_wconf 84' lang='lat' dir='ltr'><strong>aratro,</strong></span> 
     </span>
     <span class='ocr_line' id='line_1_15' title="bbox 111 1268 704 1333; baseline -0.002 -13"><span class='ocrx_word' id='word_1_88' title='bbox 111 1269 172 1320; x_wconf 89' lang='lat' dir='ltr'><strong>Nec</strong></span> <span class='ocrx_word' id='word_1_89' title='bbox 183 1268 290 1321; x_wconf 80' lang='lat' dir='ltr'><strong>crimen</strong></span> <span class='ocrx_word' id='word_1_90' title='bbox 301 1269 384 1321; x_wconf 86' lang='lat' dir='ltr'><strong>duras</strong></span> <span class='ocrx_word' id='word_1_91' title='bbox 396 1278 467 1322; x_wconf 84' lang='lat' dir='ltr'><strong>esset</strong></span> <span class='ocrx_word' id='word_1_92' title='bbox 475 1269 580 1320; x_wconf 84' lang='lat' dir='ltr'><strong>hahere</strong></span> <span class='ocrx_word' id='word_1_93' title='bbox 590 1285 704 1333; x_wconf 82' lang='lat' dir='ltr'><strong>manus3</strong></span> 
     </span>
     <span class='ocr_line' id='line_1_16' title="bbox 71 1336 803 1419; baseline 0.001 -31"><span class='ocrx_word' id='word_1_94' title='bbox 71 1336 207 1389; x_wconf 74' lang='lat' dir='ltr'><strong>Rusticus</strong></span> <span class='ocrx_word' id='word_1_95' title='bbox 221 1337 257 1391; x_wconf 87' lang='lat' dir='ltr'><strong>ad</strong></span> <span class='ocrx_word' id='word_1_96' title='bbox 269 1337 351 1390; x_wconf 87' lang='lat' dir='ltr'><strong>ludos</strong></span> <span class='ocrx_word' id='word_1_97' title='bbox 361 1338 480 1419; x_wconf 66' lang='lat' dir='ltr'><strong>populus</strong></span> <span class='ocrx_word' id='word_1_98' title='bbox 490 1337 620 1390; x_wconf 75' lang='lat' dir='ltr'><strong>veniebat</strong></span> <span class='ocrx_word' id='word_1_99' title='bbox 632 1338 662 1389; x_wconf 91' lang='lat' dir='ltr'><strong>in</strong></span> <span class='ocrx_word' id='word_1_100' title='bbox 677 1336 803 1391; x_wconf 75' lang='lat' dir='ltr'><strong>Urbem?</strong></span> 
     </span>
     <span class='ocr_line' id='line_1_17' title="bbox 110 1404 875 1473; baseline -0.001 -15"><span class='ocrx_word' id='word_1_101' title='bbox 110 1404 167 1458; x_wconf 84' lang='lat' dir='ltr'><strong>sed</strong></span> <span class='ocrx_word' id='word_1_102' title='bbox 184 1405 234 1473; x_wconf 83' lang='lat' dir='ltr'><strong>dis,</strong></span> <span class='ocrx_word' id='word_1_103' title='bbox 254 1423 313 1458; x_wconf 88' lang='lat' dir='ltr'><strong>non</strong></span> <span class='ocrx_word' id='word_1_104' title='bbox 328 1406 426 1460; x_wconf 79' lang='lat' dir='ltr'><strong>studiis</strong></span> <span class='ocrx_word' id='word_1_105' title='bbox 438 1406 487 1458; x_wconf 91' lang='lat' dir='ltr'><strong>ille</strong></span> <span class='ocrx_word' id='word_1_106' title='bbox 501 1406 621 1458; x_wconf 86' lang='lat' dir='ltr'><strong>dabatur</strong></span> <span class='ocrx_word' id='word_1_107' title='bbox 630 1406 729 1461; x_wconf 84' lang='lat' dir='ltr'><strong>honos.</strong></span> <span class='ocrx_word' id='word_1_108' title='bbox 873 1414 875 1419; x_wconf 77' lang='grc'>’</span> 
     </span>
     <span class='ocr_line' id='line_1_18' title="bbox 70 1474 732 1540; baseline -0.003 -12"><span class='ocrx_word' id='word_1_109' title='bbox 70 1476 152 1528; x_wconf 83' lang='lat' dir='ltr'><strong>Luce</strong></span> <span class='ocrx_word' id='word_1_110' title='bbox 164 1491 215 1526; x_wconf 83' lang='lat' dir='ltr'><strong>sua</strong></span> <span class='ocrx_word' id='word_1_111' title='bbox 227 1474 309 1528; x_wconf 83' lang='lat' dir='ltr'><strong>ludos</strong></span> <span class='ocrx_word' id='word_1_112' title='bbox 323 1493 394 1528; x_wconf 84' lang='lat' dir='ltr'><strong>uvae</strong></span> <span class='ocrx_word' id='word_1_113' title='bbox 411 1483 590 1528; x_wconf 86' lang='lat' dir='ltr'><strong>commentor</strong></span> <span class='ocrx_word' id='word_1_114' title='bbox 601 1475 732 1540; x_wconf 79' lang='lat' dir='ltr'><strong>habebat,</strong></span> 
     </span>
     <span class='ocr_line' id='line_1_19' title="bbox 109 1543 756 1612; baseline 0.002 -17"><span class='ocrx_word' id='word_1_115' title='bbox 109 1546 187 1607; x_wconf 88' lang='lat' dir='ltr'><strong>Quos</strong></span> <span class='ocrx_word' id='word_1_116' title='bbox 201 1560 266 1596; x_wconf 88' lang='lat' dir='ltr'><strong>cum</strong></span> <span class='ocrx_word' id='word_1_117' title='bbox 278 1544 417 1597; x_wconf 78' lang='lat' dir='ltr'><strong>taedifera</strong></span> <span class='ocrx_word' id='word_1_118' title='bbox 433 1562 509 1597; x_wconf 91' lang='lat' dir='ltr'><strong>nunc</strong></span> <span class='ocrx_word' id='word_1_119' title='bbox 524 1544 609 1596; x_wconf 85' lang='lat' dir='ltr'><strong>habet</strong></span> <span class='ocrx_word' id='word_1_120' title='bbox 622 1544 683 1612; x_wconf 84' lang='lat' dir='ltr'><strong>ipse</strong></span> <span class='ocrx_word' id='word_1_121' title='bbox 694 1543 756 1596; x_wconf 87' lang='lat' dir='ltr'><strong>dea.</strong></span> 
     </span>
     <span class='ocr_line' id='line_1_20' title="bbox 68 1611 782 1683; baseline 0 -19"><span class='ocrx_word' id='word_1_122' title='bbox 68 1613 110 1664; x_wconf 85' lang='lat' dir='ltr'><strong>Er</strong></span> <span class='ocrx_word' id='word_1_123' title='bbox 130 1628 157 1677; x_wconf 87' lang='grc' dir='ltr'><strong>ο,</strong></span> <span class='ocrx_word' id='word_1_124' title='bbox 174 1621 207 1664; x_wconf 90' lang='lat' dir='ltr'><strong>ut</strong></span> <span class='ocrx_word' id='word_1_125' title='bbox 219 1613 343 1665; x_wconf 88' lang='lat' dir='ltr'><strong>tironem</strong></span> <span class='ocrx_word' id='word_1_126' title='bbox 355 1614 499 1666; x_wconf 83' lang='lat' dir='ltr'><strong>celebrare</strong></span> <span class='ocrx_word' id='word_1_127' title='bbox 510 1613 672 1683; x_wconf 82' lang='lat' dir='ltr'><strong>frequentia</strong></span> <span class='ocrx_word' id='word_1_128' title='bbox 684 1611 782 1683; x_wconf 80' lang='lat' dir='ltr'><strong>possit,</strong></span> 
     </span>
     <span class='ocr_line' id='line_1_21' title="bbox 132 1681 651 1753; baseline 0.002 -20"><span class='ocrx_word' id='word_1_129' title='bbox 132 1683 174 1733; x_wconf 87' lang='lat' dir='ltr'><strong>isa</strong></span> <span class='ocrx_word' id='word_1_130' title='bbox 189 1681 248 1735; x_wconf 83' lang='lat' dir='ltr'><strong>diea</strong></span> <span class='ocrx_word' id='word_1_131' title='bbox 262 1682 371 1736; x_wconf 88' lang='lat' dir='ltr'><strong>dandae</strong></span> <span class='ocrx_word' id='word_1_132' title='bbox 384 1701 441 1736; x_wconf 89' lang='lat' dir='ltr'><strong>non</strong></span> <span class='ocrx_word' id='word_1_133' title='bbox 454 1683 546 1735; x_wconf 88' lang='lat' dir='ltr'><strong>aliana</strong></span> <span class='ocrx_word' id='word_1_134' title='bbox 557 1692 651 1753; x_wconf 82' lang='lat' dir='ltr'><strong>togae.</strong></span> 
     </span>
     <span class='ocr_line' id='line_1_22' title="bbox 68 1750 879 1835; baseline -0.001 -33"><span class='ocrx_word' id='word_1_135' title='bbox 68 1750 152 1819; x_wconf 84' lang='lat' dir='ltr'><strong>Mite,</strong></span> <span class='ocrx_word' id='word_1_136' title='bbox 168 1752 262 1835; x_wconf 54' lang='lat' dir='ltr'><strong>Paterz</strong></span> <span class='ocrx_word' id='word_1_137' title='bbox 275 1761 360 1821; x_wconf 85' lang='lat' dir='ltr'><strong>caput</strong></span> <span class='ocrx_word' id='word_1_138' title='bbox 372 1752 428 1804; x_wconf 91' lang='lat' dir='ltr'><strong>huc</strong></span> <span class='ocrx_word' id='word_1_139' title='bbox 439 1752 606 1821; x_wconf 84' lang='lat' dir='ltr'><strong>placataque</strong></span> <span class='ocrx_word' id='word_1_140' title='bbox 619 1766 727 1804; x_wconf 85' lang='lat' dir='ltr'><strong>cornua</strong></span> <span class='ocrx_word' id='word_1_141' title='bbox 737 1755 846 1815; x_wconf 61' lang='lat' dir='ltr'><strong>verton</strong></span> <span class='ocrx_word' id='word_1_142' title='bbox 876 1790 879 1801; x_wconf 77' lang='grc'>,</span> 
     </span>
     <span class='ocr_line' id='line_1_23' title="bbox 103 1818 623 1891; baseline 0.006 -20"><span class='ocrx_word' id='word_1_143' title='bbox 103 1821 141 1871; x_wconf 91' lang='lat' dir='ltr'><strong>Et</strong></span> <span class='ocrx_word' id='word_1_144' title='bbox 153 1818 200 1872; x_wconf 84' lang='lat' dir='ltr'><strong>des</strong></span> <span class='ocrx_word' id='word_1_145' title='bbox 212 1819 326 1891; x_wconf 79' lang='lat' dir='ltr'><strong>ingenio</strong></span> <span class='ocrx_word' id='word_1_146' title='bbox 341 1821 404 1874; x_wconf 80' lang='lat' dir='ltr'><strong>vela</strong></span> <span class='ocrx_word' id='word_1_147' title='bbox 414 1821 535 1874; x_wconf 83' lang='lat' dir='ltr'><strong>secunda</strong></span> <span class='ocrx_word' id='word_1_148' title='bbox 548 1836 623 1874; x_wconf 89' lang='lat' dir='ltr'><strong>meo.</strong></span> 
     </span>
     <span class='ocr_line' id='line_1_24' title="bbox 68 1886 736 1961; baseline 0 -20"><span class='ocrx_word' id='word_1_149' title='bbox 68 1890 133 1941; x_wconf 90' lang='lat' dir='ltr'><strong>Itur</strong></span> <span class='ocrx_word' id='word_1_150' title='bbox 148 1888 186 1954; x_wconf 88' lang='lat' dir='ltr'><strong>ad</strong></span> <span class='ocrx_word' id='word_1_151' title='bbox 199 1892 313 1960; x_wconf 77' lang='lat' dir='ltr'><strong>Argeos,</strong></span> <span class='ocrx_word' id='word_1_152' title='bbox 333 1890 381 1960; x_wconf 85' lang='lat' dir='ltr'><strong>qni</strong></span> <span class='ocrx_word' id='word_1_153' title='bbox 396 1890 459 1958; x_wconf 79' lang='lat' dir='ltr'><strong>sint,</strong></span> <span class='ocrx_word' id='word_1_154' title='bbox 476 1906 525 1942; x_wconf 85' lang='lat' dir='ltr'><strong>sua</strong></span> <span class='ocrx_word' id='word_1_155' title='bbox 536 1889 639 1960; x_wconf 72' lang='lat' dir='ltr'><strong>pagina</strong></span> <span class='ocrx_word' id='word_1_156' title='bbox 652 1886 736 1961; x_wconf 85' lang='lat' dir='ltr'><strong>dicet,</strong></span> 
     </span>
     <span class='ocr_line' id='line_1_25' title="bbox 103 1957 716 2028; baseline 0.002 -19"><span class='ocrx_word' id='word_1_157' title='bbox 103 1960 174 2023; x_wconf 88' lang='lat' dir='ltr'><strong>Hac,</strong></span> <span class='ocrx_word' id='word_1_158' title='bbox 192 1958 216 2009; x_wconf 82' lang='lat' dir='ltr'><strong>si</strong></span> <span class='ocrx_word' id='word_1_159' title='bbox 231 1959 422 2025; x_wconf 81' lang='lat' dir='ltr'><strong>commemini,</strong></span> <span class='ocrx_word' id='word_1_160' title='bbox 440 1960 648 2028; x_wconf 85' lang='lat' dir='ltr'><strong>praeteritaque</strong></span> <span class='ocrx_word' id='word_1_161' title='bbox 662 1957 716 2010; x_wconf 88' lang='lat' dir='ltr'><strong>die.</strong></span> 
     </span>
     <span class='ocr_line' id='line_1_26' title="bbox 67 2025 766 2099; baseline 0.001 -22"><span class='ocrx_word' id='word_1_162' title='bbox 67 2025 158 2078; x_wconf 72' lang='lat' dir='ltr'><strong>Stella</strong></span> <span class='ocrx_word' id='word_1_163' title='bbox 174 2028 347 2094; x_wconf 75' lang='lat' dir='ltr'><strong>Lycaoniam</strong></span> <span class='ocrx_word' id='word_1_164' title='bbox 359 2030 451 2099; x_wconf 77' lang='lat' dir='ltr'><strong>vergit</strong></span> <span class='ocrx_word' id='word_1_165' title='bbox 464 2027 596 2096; x_wconf 84' lang='lat' dir='ltr'><strong>proclivia</strong></span> <span class='ocrx_word' id='word_1_166' title='bbox 610 2027 646 2079; x_wconf 88' lang='lat' dir='ltr'><strong>ad</strong></span> <span class='ocrx_word' id='word_1_167' title='bbox 659 2031 766 2079; x_wconf 83' lang='lat' dir='ltr'><strong>Arcton</strong></span> 
     </span>
     <span class='ocr_line' id='line_1_27' title="bbox 103 2095 710 2155; baseline -0.002 -9"><span class='ocrx_word' id='word_1_168' title='bbox 103 2095 216 2150; x_wconf 85' lang='lat' dir='ltr'><strong>Miluus.</strong></span> <span class='ocrx_word' id='word_1_169' title='bbox 241 2099 317 2149; x_wconf 86' lang='lat' dir='ltr'><strong>Haec</strong></span> <span class='ocrx_word' id='word_1_170' title='bbox 330 2095 379 2148; x_wconf 87' lang='lat' dir='ltr'><strong>illa</strong></span> <span class='ocrx_word' id='word_1_171' title='bbox 397 2104 480 2149; x_wconf 84' lang='lat' dir='ltr'><strong>nocte</strong></span> <span class='ocrx_word' id='word_1_172' title='bbox 494 2096 613 2148; x_wconf 82' lang='lat' dir='ltr'><strong>videnda</strong></span> <span class='ocrx_word' id='word_1_173' title='bbox 624 2095 710 2155; x_wconf 77' lang='lat' dir='ltr'><strong>venit,</strong></span> 
     </span>
     <span class='ocr_line' id='line_1_28' title="bbox 68 2162 827 2236; baseline -0.001 -20"><span class='ocrx_word' id='word_1_174' title='bbox 68 2163 145 2227; x_wconf 86' lang='lat' dir='ltr'><strong>Quid</strong></span> <span class='ocrx_word' id='word_1_175' title='bbox 159 2163 268 2217; x_wconf 84' lang='lat' dir='ltr'><strong>dederit</strong></span> <span class='ocrx_word' id='word_1_176' title='bbox 279 2164 397 2230; x_wconf 79' lang='lat' dir='ltr'><strong>volucri,</strong></span> <span class='ocrx_word' id='word_1_177' title='bbox 415 2166 487 2218; x_wconf 83' lang='lat' dir='ltr'><strong>aivis</strong></span> <span class='ocrx_word' id='word_1_178' title='bbox 501 2180 680 2236; x_wconf 79' lang='lat' dir='ltr'><strong>cognoscere,</strong></span> <span class='ocrx_word' id='word_1_179' title='bbox 701 2162 827 2226; x_wconf 68' lang='lat' dir='ltr'><strong>coelum}</strong></span> 
     </span>
     <span class='ocr_line' id='line_1_29' title="bbox 96 2233 664 2304; baseline -0.002 -17"><span class='ocrx_word' id='word_1_180' title='bbox 96 2237 240 2287; x_wconf 65' lang='lat' dir='ltr'><strong>autumus</strong></span> <span class='ocrx_word' id='word_1_181' title='bbox 254 2235 349 2304; x_wconf 75' lang='lat' dir='ltr'><strong>regnis</strong></span> <span class='ocrx_word' id='word_1_182' title='bbox 363 2234 398 2287; x_wconf 86' lang='lat' dir='ltr'><strong>ab</strong></span> <span class='ocrx_word' id='word_1_183' title='bbox 409 2237 474 2287; x_wconf 84' lang='lat' dir='ltr'><strong>Iove</strong></span> <span class='ocrx_word' id='word_1_184' title='bbox 486 2233 580 2303; x_wconf 83' lang='lat' dir='ltr'><strong>pulsus</strong></span> <span class='ocrx_word' id='word_1_185' title='bbox 595 2241 664 2286; x_wconf 85' lang='lat' dir='ltr'><strong>erat.</strong></span> 
     </span>
     <span class='ocr_line' id='line_1_30' title="bbox 68 2302 689 2366; baseline -0.003 -12"><span class='ocrx_word' id='word_1_186' title='bbox 68 2302 198 2355; x_wconf 81' lang='lat' dir='ltr'><strong>concitat</strong></span> <span class='ocrx_word' id='word_1_187' title='bbox 209 2302 298 2355; x_wconf 88' lang='lat' dir='ltr'><strong>iratus</strong></span> <span class='ocrx_word' id='word_1_188' title='bbox 310 2302 416 2355; x_wconf 82' lang='lat' dir='ltr'><strong>validos</strong></span> <span class='ocrx_word' id='word_1_189' title='bbox 426 2302 540 2355; x_wconf 82' lang='lat' dir='ltr'><strong>Titanas</strong></span> <span class='ocrx_word' id='word_1_190' title='bbox 554 2302 584 2354; x_wconf 88' lang='lat' dir='ltr'><strong>in</strong></span> <span class='ocrx_word' id='word_1_191' title='bbox 601 2316 689 2366; x_wconf 86' lang='lat' dir='ltr'><strong>arma,</strong></span> 
     </span>
     <span class='ocr_line' id='line_1_31' title="bbox 104 2368 713 2450; baseline -0.007 -27"><span class='ocrx_word' id='word_1_192' title='bbox 104 2374 237 2442; x_wconf 85' lang='lat' dir='ltr'><strong>Quaeque</strong></span> <span class='ocrx_word' id='word_1_193' title='bbox 251 2371 306 2423; x_wconf 80' lang='lat' dir='ltr'><strong>fuit</strong></span> <span class='ocrx_word' id='word_1_194' title='bbox 317 2373 384 2424; x_wconf 84' lang='lat' dir='ltr'><strong>fatis</strong></span> <span class='ocrx_word' id='word_1_195' title='bbox 395 2372 498 2438; x_wconf 89' lang='lat' dir='ltr'><strong>debita,</strong></span> <span class='ocrx_word' id='word_1_196' title='bbox 515 2370 608 2441; x_wconf 83' lang='lat' dir='ltr'><strong>poscit</strong></span> <span class='ocrx_word' id='word_1_197' title='bbox 621 2368 713 2450; x_wconf 73' lang='lat' dir='ltr'><strong>opem.</strong></span> 
     </span>
     <span class='ocr_line' id='line_1_32' title="bbox 67 2439 800 2508; baseline -0.005 -15"><span class='ocrx_word' id='word_1_198' title='bbox 67 2441 158 2493; x_wconf 84' lang='lat' dir='ltr'><strong>Matre</strong></span> <span class='ocrx_word' id='word_1_199' title='bbox 171 2449 248 2493; x_wconf 84' lang='lat' dir='ltr'><strong>satus</strong></span> <span class='ocrx_word' id='word_1_200' title='bbox 261 2443 358 2507; x_wconf 87' lang='lat' dir='ltr'><strong>Terra,</strong></span> <span class='ocrx_word' id='word_1_201' title='bbox 376 2450 535 2493; x_wconf 87' lang='lat' dir='ltr'><strong>monstrum</strong></span> <span class='ocrx_word' id='word_1_202' title='bbox 546 2439 686 2508; x_wconf 80' lang='lat' dir='ltr'><strong>mirabile,</strong></span> <span class='ocrx_word' id='word_1_203' title='bbox 703 2442 800 2490; x_wconf 66' lang='lat' dir='ltr'><strong>taurus</strong></span> 
     </span>
     <span class='ocr_line' id='line_1_33' title="bbox 103 2508 615 2579; baseline 0.006 -19"><span class='ocrx_word' id='word_1_204' title='bbox 103 2510 183 2561; x_wconf 88' lang='lat' dir='ltr'><strong>Parte</strong></span> <span class='ocrx_word' id='word_1_205' title='bbox 198 2508 242 2562; x_wconf 82' lang='lat' dir='ltr'><strong>sui</strong></span> <span class='ocrx_word' id='word_1_206' title='bbox 256 2524 369 2579; x_wconf 83' lang='lat' dir='ltr'><strong>serpens</strong></span> <span class='ocrx_word' id='word_1_207' title='bbox 402 2511 537 2562; x_wconf 85' lang='lat' dir='ltr'><strong>osteriore</strong></span> <span class='ocrx_word' id='word_1_208' title='bbox 549 2509 615 2563; x_wconf 80' lang='lat' dir='ltr'><strong>fuit.</strong></span> 
     </span>
     <span class='ocr_line' id='line_1_34' title="bbox 22 2529 693 2649; baseline -0.001 -20"><span class='ocrx_word' id='word_1_209' title='bbox 22 2642 26 2649; x_wconf 79' lang='lat'>.</span> <span class='ocrx_word' id='word_1_210' title='bbox 67 2579 149 2630; x_wconf 87' lang='lat' dir='ltr'><strong>Hunc</strong></span> <span class='ocrx_word' id='word_1_211' title='bbox 162 2577 270 2648; x_wconf 89' lang='lat' dir='ltr'><strong>triplici</strong></span> <span class='ocrx_word' id='word_1_212' title='bbox 283 2594 366 2632; x_wconf 87' lang='lat' dir='ltr'><strong>muro</strong></span> <span class='ocrx_word' id='word_1_213' title='bbox 379 2529 450 2631; x_wconf 65' lang='lat' dir='ltr'><strong>fucis</strong></span> <span class='ocrx_word' id='word_1_214' title='bbox 460 2579 612 2631; x_wconf 83' lang='lat' dir='ltr'><strong>incluserat</strong></span> <span class='ocrx_word' id='word_1_215' title='bbox 625 2575 693 2629; x_wconf 83' lang='lat' dir='ltr'><strong>atris</strong></span> 
     </span>
     <span class='ocr_line' id='line_1_35' title="bbox 102 2646 709 2716; baseline -0.002 -19"><span class='ocrx_word' id='word_1_216' title='bbox 102 2647 254 2700; x_wconf 75' lang='lat' dir='ltr'><strong>Parcarum</strong></span> <span class='ocrx_word' id='word_1_217' title='bbox 270 2648 381 2700; x_wconf 82' lang='lat' dir='ltr'><strong>monitu</strong></span> <span class='ocrx_word' id='word_1_218' title='bbox 398 2652 465 2716; x_wconf 80' lang='lat' dir='ltr'><strong>Styx</strong></span> <span class='ocrx_word' id='word_1_219' title='bbox 475 2647 599 2700; x_wconf 76' lang='lat' dir='ltr'><strong>violenta</strong></span> <span class='ocrx_word' id='word_1_220' title='bbox 612 2646 709 2698; x_wconf 87' lang='lat' dir='ltr'><strong>trium.</strong></span> 
     </span>
     <span class='ocr_line' id='line_1_36' title="bbox 68 2713 752 2786; baseline -0.003 -19"><span class='ocrx_word' id='word_1_221' title='bbox 68 2713 179 2768; x_wconf 77' lang='lat' dir='ltr'><strong>Viscera</strong></span> <span class='ocrx_word' id='word_1_222' title='bbox 191 2716 238 2786; x_wconf 85' lang='lat' dir='ltr'><strong>qui</strong></span> <span class='ocrx_word' id='word_1_223' title='bbox 248 2717 322 2768; x_wconf 88' lang='lat' dir='ltr'><strong>tauri</strong></span> <span class='ocrx_word' id='word_1_224' title='bbox 336 2717 458 2770; x_wconf 84' lang='lat' dir='ltr'><strong>flammis</strong></span> <span class='ocrx_word' id='word_1_225' title='bbox 471 2716 608 2769; x_wconf 88' lang='lat' dir='ltr'><strong>adolenda</strong></span> <span class='ocrx_word' id='word_1_226' title='bbox 622 2714 752 2780; x_wconf 80' lang='lat' dir='ltr'><strong>dedisset,</strong></span> 
     </span>
     <span class='ocr_line' id='line_1_37' title="bbox 102 2784 830 2860; baseline -0.004 -26"><span class='ocrx_word' id='word_1_227' title='bbox 102 2785 246 2851; x_wconf 74' lang='lat' dir='ltr'><strong>Senserat,</strong></span> <span class='ocrx_word' id='word_1_228' title='bbox 264 2793 392 2838; x_wconf 86' lang='lat' dir='ltr'><strong>aeternos</strong></span> <span class='ocrx_word' id='word_1_229' title='bbox 403 2787 516 2838; x_wconf 83' lang='lat' dir='ltr'><strong>vincere</strong></span> <span class='ocrx_word' id='word_1_230' title='bbox 529 2801 611 2854; x_wconf 82' lang='lat' dir='ltr'><strong>posse</strong></span> <span class='ocrx_word' id='word_1_231' title='bbox 619 2784 694 2835; x_wconf 82' lang='lat' dir='ltr'><strong>deos.</strong></span> <span class='ocrx_word' id='word_1_232' title='bbox 823 2846 830 2860; x_wconf 89' lang='lat'><strong>.</strong></span> 
     </span>
     <span class='ocr_line' id='line_1_38' title="bbox 66 2851 847 2908; baseline -0.004 -4"><span class='ocrx_word' id='word_1_233' title='bbox 66 2851 196 2905; x_wconf 84' lang='lat' dir='ltr'><strong>Immolet</strong></span> <span class='ocrx_word' id='word_1_234' title='bbox 208 2853 285 2906; x_wconf 91' lang='lat' dir='ltr'><strong>hunc</strong></span> <span class='ocrx_word' id='word_1_235' title='bbox 299 2856 426 2908; x_wconf 85' lang='lat' dir='ltr'><strong>Briareus</strong></span> <span class='ocrx_word' id='word_1_236' title='bbox 438 2855 515 2907; x_wconf 83' lang='lat' dir='ltr'><strong>facta</strong></span> <span class='ocrx_word' id='word_1_237' title='bbox 530 2871 564 2906; x_wconf 81' lang='lat' dir='ltr'><strong>ex</strong></span> <span class='ocrx_word' id='word_1_238' title='bbox 578 2853 726 2904; x_wconf 86' lang='lat' dir='ltr'><strong>adamante</strong></span> <span class='ocrx_word' id='word_1_239' title='bbox 737 2861 847 2905; x_wconf 79' lang='lat' dir='ltr'><strong>recurat</strong></span> 
     </span>
     <span class='ocr_line' id='line_1_39' title="bbox 101 2921 698 2976; baseline 0.002 -6"><span class='ocrx_word' id='word_1_240' title='bbox 101 2923 139 2971; x_wconf 90' lang='lat' dir='ltr'><strong>Et</strong></span> <span class='ocrx_word' id='word_1_241' title='bbox 155 2921 207 2974; x_wconf 87' lang='lat' dir='ltr'><strong>iarn</strong></span> <span class='ocrx_word' id='word_1_242' title='bbox 221 2923 278 2974; x_wconf 80' lang='lat' dir='ltr'><strong>iam</strong></span> <span class='ocrx_word' id='word_1_243' title='bbox 290 2923 412 2976; x_wconf 85' lang='lat' dir='ltr'><strong>flammis</strong></span> <span class='ocrx_word' id='word_1_244' title='bbox 428 2933 489 2976; x_wconf 86' lang='lat' dir='ltr'><strong>exta</strong></span> <span class='ocrx_word' id='word_1_245' title='bbox 503 2923 616 2976; x_wconf 85' lang='lat' dir='ltr'><strong>daturus</strong></span> <span class='ocrx_word' id='word_1_246' title='bbox 629 2928 698 2972; x_wconf 78' lang='lat' dir='ltr'><strong>erat.</strong></span> 
     </span>
    </p>
   </div>
   <div class='ocr_carea' id='block_1_3' title="bbox 66 2986 724 3115">
    <p class='ocr_par' dir='ltr' id='par_1_3' title="bbox 66 2986 724 3115">
     <span class='ocr_line' id='line_1_40' title="bbox 66 2986 724 3074; baseline -0.002 -32"><span class='ocrx_word' id='word_1_247' title='bbox 66 2989 173 3069; x_wconf 73' lang='lat' dir='ltr'><strong>Iupiter</strong></span> <span class='ocrx_word' id='word_1_248' title='bbox 184 2990 295 3043; x_wconf 83' lang='lat' dir='ltr'><strong>alitibus</strong></span> <span class='ocrx_word' id='word_1_249' title='bbox 310 3009 409 3074; x_wconf 75' lang='lat' dir='ltr'><strong>rapere</strong></span> <span class='ocrx_word' id='word_1_250' title='bbox 424 2993 553 3062; x_wconf 87' lang='lat' dir='ltr'><strong>imperat.</strong></span> <span class='ocrx_word' id='word_1_251' title='bbox 570 2988 670 3069; x_wconf 78' lang='lat' dir='ltr'><strong>Attulit</strong></span> <span class='ocrx_word' id='word_1_252' title='bbox 680 2986 724 3041; x_wconf 86' lang='lat' dir='ltr'><strong>illi</strong></span> 
     </span>
     <span class='ocr_line' id='line_1_41' title="bbox 101 3056 671 3115; baseline 0 -4"><span class='ocrx_word' id='word_1_253' title='bbox 101 3056 216 3114; x_wconf 74' lang='lat' dir='ltr'><strong>Miluus:</strong></span> <span class='ocrx_word' id='word_1_254' title='bbox 234 3069 261 3113; x_wconf 88' lang='lat' dir='ltr'><strong>et</strong></span> <span class='ocrx_word' id='word_1_255' title='bbox 274 3062 380 3115; x_wconf 84' lang='lat' dir='ltr'><strong>mentia</strong></span> <span class='ocrx_word' id='word_1_256' title='bbox 391 3061 509 3115; x_wconf 83' lang='lat' dir='ltr'><strong>venitin</strong></span> <span class='ocrx_word' id='word_1_257' title='bbox 521 3068 595 3113; x_wconf 85' lang='lat' dir='ltr'><strong>astra</strong></span> <span class='ocrx_word' id='word_1_258' title='bbox 607 3072 671 3111; x_wconf 81' lang='lat' dir='ltr'><strong>ama.</strong></span> 
     </span>
    </p>
   </div>
   <div class='ocr_carea' id='block_1_4' title="bbox 66 3171 821 3403">
    <p class='ocr_par' dir='ltr' id='par_1_4' title="bbox 66 3171 821 3403">
     <span class='ocr_line' id='line_1_42' title="bbox 66 3171 771 3259; baseline 0.006 -14"><span class='ocrx_word' id='word_1_259' title='bbox 66 3171 144 3246; x_wconf 83' lang='lat' dir='ltr'><strong>Una</strong></span> <span class='ocrx_word' id='word_1_260' title='bbox 154 3192 208 3247; x_wconf 84' lang='lat' dir='ltr'><strong>dies</strong></span> <span class='ocrx_word' id='word_1_261' title='bbox 220 3195 314 3250; x_wconf 82' lang='lat' dir='ltr'><strong>media</strong></span> <span class='ocrx_word' id='word_1_262' title='bbox 326 3204 380 3259; x_wconf 84' lang='lat' dir='ltr'><strong>eat;</strong></span> <span class='ocrx_word' id='word_1_263' title='bbox 400 3205 429 3249; x_wconf 88' lang='lat' dir='ltr'><strong>et</strong></span> <span class='ocrx_word' id='word_1_264' title='bbox 439 3195 511 3249; x_wconf 84' lang='lat' dir='ltr'><strong>fiunt</strong></span> <span class='ocrx_word' id='word_1_265' title='bbox 524 3210 604 3249; x_wconf 75' lang='lat' dir='ltr'><strong>sam</strong></span> <span class='ocrx_word' id='word_1_266' title='bbox 615 3194 771 3249; x_wconf 74' lang='lat' dir='ltr'><strong>Minervaaz</strong></span> 
     </span>
     <span class='ocr_line' id='line_1_43' title="bbox 101 3262 791 3335; baseline 0.001 -20"><span class='ocrx_word' id='word_1_267' title='bbox 101 3262 278 3335; x_wconf 81' lang='lat' dir='ltr'><strong>Nominaque</strong></span> <span class='ocrx_word' id='word_1_268' title='bbox 289 3282 306 3318; x_wconf 90' lang='lat' dir='ltr'><strong>a</strong></span> <span class='ocrx_word' id='word_1_269' title='bbox 317 3267 419 3318; x_wconf 83' lang='lat' dir='ltr'><strong>iunctis</strong></span> <span class='ocrx_word' id='word_1_270' title='bbox 433 3266 556 3335; x_wconf 85' lang='lat' dir='ltr'><strong>quinque</strong></span> <span class='ocrx_word' id='word_1_271' title='bbox 570 3264 668 3317; x_wconf 83' lang='lat' dir='ltr'><strong>diebus</strong></span> <span class='ocrx_word' id='word_1_272' title='bbox 677 3264 791 3316; x_wconf 82' lang='lat' dir='ltr'><strong>hahent.</strong></span> 
     </span>
     <span class='ocr_line' id='line_1_44' title="bbox 66 3329 821 3403; baseline 0 -19"><span class='ocrx_word' id='word_1_273' title='bbox 66 3329 205 3402; x_wconf 71' lang='lat' dir='ltr'><strong>sangiune</strong></span> <span class='ocrx_word' id='word_1_274' title='bbox 214 3333 304 3403; x_wconf 85' lang='lat' dir='ltr'><strong>prima</strong></span> <span class='ocrx_word' id='word_1_275' title='bbox 318 3343 414 3388; x_wconf 76' lang='lat' dir='ltr'><strong>vacat:</strong></span> <span class='ocrx_word' id='word_1_276' title='bbox 431 3351 485 3387; x_wconf 87' lang='lat' dir='ltr'><strong>nec</strong></span> <span class='ocrx_word' id='word_1_277' title='bbox 497 3334 541 3387; x_wconf 81' lang='lat' dir='ltr'><strong>faa</strong></span> <span class='ocrx_word' id='word_1_278' title='bbox 554 3350 723 3387; x_wconf 86' lang='lat' dir='ltr'><strong>concurrere</strong></span> <span class='ocrx_word' id='word_1_279' title='bbox 735 3333 821 3386; x_wconf 76' lang='lat' dir='ltr'><strong>feno.</strong></span> 
     </span>
    </p>
   </div>
   <div class='ocr_carea' id='block_1_5' title="bbox 0 0 1172 3842">
    <p class='ocr_par' dir='ltr' id='par_1_5' title="bbox 0 0 1172 3842">
     <span class='ocr_line' id='line_1_45' title="bbox 0 0 1172 3842; baseline 0 5"><span class='ocrx_word' id='word_1_280' title='bbox 0 0 1172 3842; x_wconf 95' lang='lat' dir='ltr'><strong> </strong></span> 
     </span>
    </p>
   </div>
  </div>
 </body>
</html>
