2334 3842
143 212 203 281 198
395 217 441 269 ‘a
464 215 613 273 ovum
633 217 825 272 nisurus

168 350 170 353 ’
245 344 437 419 emelianus
449 360 560 432 {nun
575 361 636 432 ipse
648 362 723 415 reat.
925 346 931 353 “
1005 364 1007 368 ⁴
1052 366 1065 372 ⁸
1131 382 1132 435 r

120 482 124 489 f
208 438 281 489 Tum
295 446 494 506 quoque3'cmn
506 431 643 501 fugerem,
664 433 803 502 quaedam
817 431 1091 502 placituracremriv
1131 438 1132 491 l

247 511 333 557 Iratus
345 502 436 555 studio
451 501 676 571 carminibusque
692 503 769 557 meis.
1131 494 1132 541 l

159 577 194 632 65
212 576 305 641 Molle,
323 570 479 643 Cupidineis
492 587 545 621 nec
560 570 773 641 inexpugnabile
786 570 850 623 telis

247 641 389 705 dormibi,
408 639 539 712 quodque
549 638 620 692 levis
631 658 713 692 carisa
725 649 861 707 moveret,
879 649 948 694 erat.

212 717 282 773 Cum
296 722 390 764 tamen
401 708 457 761 hoo
471 725 568 772 essem,
588 709 761 779 minimoque
774 709 946 764 accenderer
956 709 1025 783 igni3

247 781 365 835 Nomine
375 779 427 835 ,sub
438 787 532 830 nostro
544 778 641 831 fabula
653 780 730 831 nulla
742 780 804 832 fuit.

212 856 302 907 Paene
320 847 492 917 miliipuero
505 863 559 900 nec
573 849 666 918 digna,
684 866 737 901 nec
749 849 825 901 utilis
837 865 909 902 uxor

159 923 196 981 70
248 925 294 973 Est
308 920 385 970 data:
404 934 475 987 quae
487 925 597 987 tempus
612 919 747 987 perbreve
761 927 851 987 nupta
864 918 928 971 fuit.

211 992 256 1046 llli
270 987 410 1052 successit,
426 987 550 1056 quamvis
562 986 622 1038 sine
637 988 766 1053 crimine,
783 988 894 1056 coniux,

249 1062 312 1112 Non
322 1066 416 1110 tamen
428 1058 457 1106 in
468 1065 565 1107 nostro
579 1056 662 1109 firma
675 1057 773 1108 futura
784 1065 859 1111 toro.

214 1129 327 1192 Ultima,
346 1142 416 1196 quae
430 1142 542 1176 utacum
560 1142 638 1177 seros
650 1127 806 1195 permansit
818 1125 848 1177 in
861 1141 958 1192 annos,

250 1197 384 1250 Sustinuit
395 1196 497 1246 coniux
514 1194 613 1245 exsulis
627 1212 686 1248 esse
701 1195 762 1248 vrri.

162 1271 197 1326 75
214 1269 283 1322 Filia
295 1283 341 1318 me
353 1280 416 1317 mee
429 1263 472 1316 bis
486 1264 578 1332 prima
591 1264 713 1316 fecundo
723 1264 847 1333 iuventa,

250 1337 304 1388 Sed
315 1353 372 1388 non
385 1350 417 1385 ex
429 1351 485 1384 uno
500 1333 628 1403 coniuge,
645 1333 715 1386 fecit
727 1350 820 1386 avum.

215 1410 249 1461 Et
263 1408 320 1465 iam
333 1403 488 1472 complerat
501 1403 612 1473 genitor
626 1421 674 1455 sua
686 1403 754 1470 fata,
771 1416 928 1472 novemque

251 1475 403 1528 Addiderat
419 1472 513 1524 lustris
531 1471 618 1524 altera
635 1472 724 1524 lustra
738 1489 849 1524 novem.

165 1550 169 1555 ’
216 1548 280 1600 Non
296 1544 378 1597 aliter
394 1541 469 1607 flevi,
489 1559 572 1610 quam
588 1558 634 1594 me
650 1543 766 1594 fleturus
780 1540 939 1600 redemtum,

166 1619 202 1674 80
252 1615 301 1666 llle
314 1613 376 1665 fuit.
399 1611 480 1679 Matri
492 1611 618 1679 proxima
632 1612 705 1663 iusta
717 1611 780 1662 tuli.

217 1683 322 1739 Felices
336 1682 430 1746 ambo,
446 1681 667 1750 tempestiveque
681 1680 815 1749 sepultos,

253 1759 323 1804 Ante
337 1752 411 1802 diem
426 1765 533 1817 poenae
542 1750 623 1819 quod
634 1750 744 1818 periere
756 1750 850 1801 meael
900 1771 906 1783 ·

220 1825 266 1876 Me
279 1819 526 1890 quoquefelicem,
545 1819 620 1888 quod
635 1837 693 1871 non
708 1818 863 1870 viventibus
876 1815 933 1868 illis

242 1895 322 1952 <Sum
335 1890 434 1948 misen
453 1896 481 1938 et
495 1889 530 1939 de
544 1905 591 1939 me
643 1888 679 1941 od
694 1888 808 1940 doluere
822 1887 906 1941 nibil!

169 1960 203 2016 85
221 1962 353 2013 Sitamen
366 1956 505 2009 exstinctis
520 1957 606 2026 aliqui
627 1997 634 2023 ,
650 1957 840 2021 uninomina,
857 1961 956 2022 restat,

255 2032 289 2081 Et
302 2027 413 2099 gracilis
425 2035 544 2078 structos
558 2027 657 2097 effugit
669 2027 771 2079 umbra
782 2041 883 2096 rogen
935 2062 937 2065 -

194 2108 196 2115 '
219 2101 313 2165 Fama,
331 2097 495 2167 parentales,
512 2097 535 2147 si
547 2114 597 2148 vos
608 2113 672 2151 mea
686 2095 821 2166 contigit,
837 2095 965 2159 umbrae,

258 2167 404 2227 Etsuutin
418 2165 649 2236 Stygiocrirnina
660 2173 756 2218 nostra
770 2165 851 2227 foro3

224 2238 307 2304 Scite,
325 2254 434 2306 precor,
451 2250 575 2302 eausam,
593 2252 646 2288 nec
666 2251 715 2288 vos
731 2234 802 2286 mihi
818 2233 919 2286 fallere
936 2232 978 2285 fas
993 2234 1039 2294 stt,
1091 2264 1094 2271 -

170 2308 207 2364 90
257 2310 388 2359 Errorem
399 2306 497 2370 iussae,
514 2323 571 2358 non
584 2305 685 2368 scelus,
702 2320 762 2356 esse
775 2304 868 2373 fugae.

223 2377 349 2430 Manibus
360 2375 467 2426 idsatie
479 2383 527 2427 est
552 2374 595 2425 Ad
609 2391 658 2426 vos
672 2373 801 2425 studiosa
807 2380 937 2425 revertor

257 2448 381 2506 Pectora,
401 2443 449 2513 qui
463 2445 534 2495 vitae
586 2443 680 2495 ueritis
695 2451 759 2494 acta
770 2458 860 2494 meae.

224 2519 283 2579 lam
296 2513 366 2565 mihi
377 2513 501 2578 canities,
519 2529 557 2581 pn
570 2513 605 2564 sis
616 2512 779 2564 melioribus
790 2511 880 2577 annis,

259 2586 389 2646 Venerat,
407 2582 532 2652 antiquas
547 2583 755 2650 miscueratque
769 2597 879 2633 comas:
941 2625 943 2629 .

173 2653 208 2710 95
224 2654 343 2722 Postque
359 2667 438 2703 meos
455 2658 532 2702 ortus
549 2651 643 2703 Pisaea
657 2651 766 2702 vinctus
783 2650 857 2702 oliva

260 2721 419 2775 Abstulerat
432 2719 523 2788 decies
537 2720 661 2790 praemia
676 2718 768 2771 victor
784 2734 887 2789 equus;
1131 2776 1132 2787 γ

228 2793 298 2844 Cum
310 2791 394 2844 maris
407 2788 502 2843 Euxini
515 2791 621 2859 positos
633 2789 668 2841 ad
681 2789 761 2841 laeva
774 2789 900 2841 Tomitas
1092 2784 1095 2791 ’
1131 2810 1132 2865 l

262 2863 402 2924 Quaerere
414 2877 460 2912 me
470 2860 538 2912 laesi
550 2858 685 2927 Principis
699 2858 744 2910 ira
756 2857 845 2913 iubet.
1131 2874 1132 2891 ¹

169 2924 174 2933 ’
228 2929 314 2982 Causa
323 2946 402 2983 meae
413 2930 520 2983 cunctis
536 2929 654 2981 nimium
668 2943 779 2997 quoque
792 2935 860 2980 nota
869 2922 967 2979 nunes

160 3001 212 3055 100
265 2998 372 3051 Indicio
387 3016 444 3052 non
461 3007 502 3051 est
516 2997 690 3050 testificanda
702 3014 776 3049 meo.
1131 2970 1132 3059 l

228 3067 301 3132 Quid
314 3067 438 3120 referam
450 3067 642 3138 comitumque
655 3066 743 3129 nefas,
761 3063 940 3136 famulosque
956 3046 1093 3115 uocenloel'
1131 3064 1132 3127 l

166 3176 170 3187 .
263 3137 489 3202 Ipsamultatuli
503 3155 559 3190 non
572 3136 766 3206 leviorafuga.
1131 3150 1132 3165 ¹

226 3202 372 3273 Indignata
389 3205 468 3256 malis
485 3223 564 3257 mens
582 3214 624 3257 est
641 3205 844 3271 succumbere3
861 3217 948 3274 seque

97 3324 102 3339 ι
172 3285 174 3289 ·
201 3286 204 3291 ’
261 3271 398 3322 Praestitit
414 3271 545 3333 invictam
562 3274 665 3326 viribus
682 3292 734 3326 usa
749 3274 819 3327 suis:
1088 3329 1093 3339 ,

163 3338 219 3394 105·
230 3337 390 3408 oblitusque
400 3347 493 3411 togae,
506 3341 667 3413 ‚ductaeque
678 3360 730 3415 per
743 3343 802 3399 otia
810 3342 894 3413 vitae,
1000 3400 1005 3408 ,
