2334 3842
159 232 203 299 72
425 238 456 293 P.
478 237 633 337 OTIDII
654 235 847 293 NASONIS

160 387 211 446 160
263 381 331 435 Inde
343 385 435 436 Venus
446 398 526 435 verso
539 381 657 434 nomina
671 380 757 434 eorde
768 389 854 434 tenet.
909 412 926 451 ,ι

192 484 195 491 ·
227 454 343 521 Semper
355 452 391 504 ad
404 452 543 504 Aeneadas
557 451 679 520 placido,
696 451 876 521 pulcerrima,
893 453 976 505 vultu

189 556 192 565 ι
262 524 315 574 Res
336 521 389 588 ice,
407 530 450 573 tot
470 529 586 586 netues,
605 520 681 583 Diva,
698 529 778 572 tuere
792 537 887 572 nurus.

227 593 301 642 Dum
313 540 423 669 iliquor,
442 539 530 642 eiatae
544 589 709 641 metuendus
724 588 852 641 acumine
865 590 972 644 caudae

262 663 392 728 Scorpios
404 659 434 710 iu
445 659 545 711 virides
558 659 761 729 praecipitatur
772 675 865 728 aquas,

160 762 210 818 165
227 739 263 816 N
264 777 299 811 ox
309 761 358 812 ubi
369 755 521 828 transierit,
540 762 709 832 coelumque
723 761 872 813 rubescere
886 761 980 830 primo

264 830 399 898 Coeperit,
419 839 447 882 et
459 839 552 884 tactae
563 848 629 883 rore
643 839 796 901 querentur
811 847 889 895 aves3

227 902 438 968 Semustamque
452 900 546 953 facem
561 901 678 970 vigilata
692 909 776 952 nocte
791 900 883 952 viator

262 969 358 1036 Ponet,
375 977 404 1020 et
418 968 454 1020 ad
469 970 583 1022 solitum
595 969 715 1021 rusticus
725 970 776 1020 ibit
790 985 875 1041 opus;

227 1035 335 1091 Pliades
350 1037 487 1104 incipiunt
500 1040 633 1091 humeros
645 1038 771 1090 relevare
783 1047 932 1109 paternos:

160 1106 211 1163 170
262 1107 339 1169 Quae
351 1115 461 1176 septem
473 1107 537 1173 dici,
556 1125 603 1160 sex
616 1116 712 1159 tamen
729 1123 786 1159 esse
799 1107 900 1161 solent.

229 1179 284 1227 Seu
297 1175 372 1244 quod
386 1176 416 1227 in
434 1174 595 1245 amplexum
608 1194 655 1228 sex
668 1176 733 1227 hinc
745 1191 846 1228 venere
860 1175 993 1243 deorum3

263 1244 336 1296 Nam
351 1249 486 1314 Steropen
502 1247 585 1298 Marti
599 1245 782 1297 concubuisse
793 1244 899 1296 ferunt:

227 1313 358 1381 Neptuno
373 1314 545 1435 Haloponen,
565 1323 594 1369 et
604 1324 642 1381 te,
659 1315 784 1366 formosa
797 1314 931 1366 Celaeno:

262 1383 365 1451 Maian,
383 1393 412 1436 et
426 1387 446 1435 E
458 1393 564 1450 estruit,
583 1387 781 1454 Taygetenque
791 1384 863 1435 lovi:

160 1448 210 1507 175
228 1451 351 1520 Septima
359 1453 477 1505 ,mortali
491 1456 606 1522 Merope
619 1454 680 1518 tibi,
700 1453 822 1521 Sisyphe,
840 1452 942 1522 nupsit.
1035 1514 1036 1517 Ἴ

262 1522 403 1585 Poenitet3
423 1531 451 1574 et
467 1522 536 1574 facti
550 1523 609 1574 sola
622 1521 730 1590 pudore
742 1521 821 1574 latet.

227 1587 289 1641 Sive
304 1592 380 1659 quod
394 1590 505 1643 Electra
517 1591 618 1644 Troiae
630 1599 756 1660 spectare
771 1592 865 1644 ruinas

264 1661 328 1712 Non
340 1659 426 1712 tulit:
445 1659 629 1725 anteoculos
645 1661 830 1730 opposuitque
840 1677 970 1714 inanum.

229 1740 298 1814 Ter
313 1763 372 1814 sine
384 1770 506 1832 pepetuo
523 1762 635 1815 coelum
650 1770 777 1815 versetur
789 1762 817 1812 in
832 1780 900 1826 axe,

157 1829 213 1885 180
264 1833 320 1884 Ter
333 1832 432 1904 iungat
445 1832 538 1898 Titan,
556 1840 657 1901 terque
670 1832 790 1884 resolvat
806 1848 907 1902 equos3

228 1900 357 1954 Protinus
370 1901 473 1953 inflexo
487 1902 669 1969 Berecynthia
682 1902 752 1953 tibia
767 1917 857 1953 cornu

262 1969 364 2036 Flabit,
380 1978 408 2022 et
418 1970 515 2023 Idaeae
526 1971 599 2023 festa
613 1971 735 2022 Parentis
750 1979 839 2022 erunt.

229 2039 313 2093 Ibunt
329 2040 499 2103 semimares,
513 2048 541 2091 et
553 2040 646 2090 inania
657 2048 792 2108 tympana
805 2037 936 2102 tundeut3

263 2113 390 2179 Aeraque
405 2108 522 2161 tinnitus
537 2126 602 2160 aere
617 2108 727 2177 repulsa
742 2107 855 2159 dabunt.

162 2178 212 2236 185
231 2181 293 2249 Ipsa
305 2179 402 2230 sedens
415 2178 494 2229 molli
511 2178 646 2229 comitum
654 2178 761 2231 cervice
773 2177 892 2229 feretur

230 2268 234 2281 i
267 2246 347 2300 Urbis
361 2263 412 2316 per
427 2246 532 2299 medias
548 2245 688 2299 exululata
702 2246 769 2298 vias.

230 2320 319 2370 Soena
335 2323 423 2381 sonat,
437 2315 552 2385 ludique
566 2324 677 2372 vocant.
713 2321 849 2385 spectate,
867 2313 1004 2381 Quirites;

265 2389 299 2438 Et
310 2385 374 2438 fora
384 2387 475 2437 Marte
489 2402 538 2436 suo
550 2385 672 2454 litigiosa
682 2392 791 2437 vacent.

230 2456 372 2519 Quaerere
386 2453 477 2506 multa
486 2453 568 2505 libet:
587 2454 637 2505 sed
652 2471 700 2506 rue
715 2470 797 2506 sonus
809 2451 881 2504 aeris
896 2452 973 2505 acuti

162 2523 215 2580 190
265 2525 374 2592 Terret,
393 2531 421 2575 et
433 2521 574 2575 horrendo
588 2522 662 2574 lotos
676 2523 785 2575 adunca
794 2538 873 2574 sono.

230 2595 282 2658 De,
302 2590 362 2658 dea,
381 2608 448 2662 quas
461 2591 555 2659 sciter,
576 2591 681 2659 doctas,
700 2592 839 2660 Cybeleia,
856 2598 964 2659 neptes.

265 2660 364 2724 Audit}
384 2659 475 2712 ethes
488 2678 571 2713 curae
584 2661 663 2713 iussit
677 2660 771 2713 adesse
785 2675 873 2714 meae.

230 2729 357 2796 Pandite,
374 2729 498 2794 mandati
511 2746 659 2798 memores,
679 2730 818 2782 Heliconis
830 2729 971 2794 alumnae,

207 2831 214 2841 ·
267 2799 393 2851 Gaudeat
406 2798 515 2851 assiduo
529 2817 580 2852 cur
593 2799 644 2851 dea
658 2802 702 2850 Ma
724 2817 760 2851 na
770 2815 848 2854 sonu.

163 2868 214 2925 195
232 2867 277 2921 eie
292 2885 360 2939 ego;
378 2868 417 2921 sic
432 2872 529 2920 Eratos
546 2868 647 2920 mensis
659 2869 709 2936 Gyt
745 2871 820 2920 relus
831 2867 874 2918 illi

267 2939 360 3005 Cessit,
379 2937 455 3008 quod
465 2934 555 3004 teneri
570 2954 674 2990 nomen
687 2937 796 2989 Amoris
808 2937 909 2988 habet:

231 3005 350 3060 Reddita
364 3011 481 3059 Saturno
495 3024 554 3059 sors
566 3007 636 3059 baec
651 3015 711 3058 erat
719 3025 735 3074 ;Ι
745 3006 856 3077 Optime
866 3020 977 3075 regum,

266 3080 289 3127 A
302 3083 368 3127 nato
385 3076 501 3144 sceptris
519 3077 659 3128 excutiere
672 3075 735 3127 tuis.

231 3143 282 3199 Ille
294 3161 374 3195 suam
386 3153 520 3209 metuens,
538 3154 570 3196 ut
584 3161 710 3215 quaeque
722 3152 782 3195 erat
797 3142 880 3208 edita,
897 3141 1008 3212 prolem

162 3213 216 3270 200
267 3215 403 3276 Devorat3
422 3214 585 3265 immersam
597 3214 802 3282 visceribusque
816 3221 902 3265 tenet.
1014 3218 1015 3222 ’

170 3298 173 3301 ·
234 3285 320 3403 Sappe
335 3281 411 3333 Rhea
425 3290 522 3350 questa
539 3291 579 3334 est
591 3283 672 3335 toties
690 3282 822 3349 fecunda,
839 3293 1028 3353 necunquam

190 3404 194 3409 ,
298 3357 369 3417 ster;
390 3357 419 3403 et
432 3349 552 3404 indoluit
564 3351 711 3427 fertilitate
725 3367 783 3405 sua.
