2334 3842
134 226 177 289 st
340 270 360 281 ,.
403 220 821 281 aovmrruasours
899 250 937 289 2
988 238 991 243 -

151 433 153 439 a
205 389 380 461 Continuata
390 404 454 456 loco
472 401 527 455 tria
539 401 640 468 sidera,
660 404 761 463 Corvus
775 409 802 453 et
814 403 926 474 Anguis,
998 382 999 385 Ἴ

108 528 115 535 ,
239 479 271 525 Et
287 476 393 527 medius
412 477 508 525 Crater
522 474 595 524 inter
611 481 763 542 utrumque
776 472 859 524 iacet.

133 546 185 604 rut
202 544 295 596 ldihus
311 545 360 595 illa
371 544 473 594 latent:
494 543 623 594 oriuntur
634 550 718 611 nocte
731 540 866 611 sequenti.

237 622 313 676 tiriae
329 613 380 664 sihi
396 630 447 663 cur
460 614 575 663 trissint
593 612 761 676 consociata,
781 628 890 664 canam.

201 685 284 736 Forte
299 684 353 732 lori
365 682 468 733 festum
483 681 608 732 Phoebus
621 680 745 731 sollenne
758 681 891 748 parabat:

177 788 180 806 ι
236 755 298 803 Non
313 752 399 802 faciet
412 752 509 821 longas
524 750 621 800 fabula
634 758 730 800 nostra
744 766 845 800 moras.

175 823 178 827 ’
199 824 211 873 1
227 839 298 884 mea,
319 821 393 886 dixit,
413 821 477 883 avis,
496 837 531 871 ne
545 820 613 888 quid
627 819 673 886 pia
686 836 766 870 sacra
777 827 914 885 moretur,

131 890 184 947 250
237 894 268 959 Et
282 900 397 942 tenuem
411 890 477 940 vivis
491 889 617 943 fontibus
634 889 705 938 affer
719 905 829 956 aquam.

201 960 303 1010 Corvus
318 959 478 1010 inauratum
492 959 609 1038 pedihus
623 966 735 1032 cratera,
746 955 870 1009 recurvis

233 1028 328 1094 Tollit,
348 1037 375 1079 et
391 1030 497 1079 adrium
511 1027 639 1095 pervolat
651 1027 722 1077 altus
737 1022 799 1079 iter.
877 1076 879 1079 ,

198 1099 294 1148 Stabat
309 1098 401 1149 adhuc
419 1098 493 1149 duris
507 1098 576 1149 licus
590 1096 749 1147 densissima
766 1095 873 1164 pomis3

233 1169 333 1218 Tentat
348 1185 410 1218 eum
429 1176 537 1218 rostro:
556 1184 612 1217 non
628 1174 688 1216 erat
704 1175 768 1234 apto
781 1165 845 1235 legi.

129 1237 181 1292 255
193 1234 352 1288 Ἰιιιηιεηῑοτ
366 1236 478 1304 imperii
492 1237 592 1287 sedisse
609 1235 659 1285 suh
673 1236 774 1287 arbore
787 1235 888 1300 fertur,

234 1309 305 1356 llum
319 1307 421 1357 fierent
435 1306 516 1357 tarda
531 1305 626 1356 dulcia
637 1322 719 1372 poma
738 1322 825 1356 mora.
912 1304 918 1325 ‘

196 1378 311 1444 Iamque
327 1385 403 1443 satur
416 1376 501 1445 nigris
518 1375 635 1444 longum
649 1375 722 1441 rapit
734 1374 871 1442 unguibus
888 1371 1020 1441 hydrum,

232 1446 272 1496 Ad
287 1445 487 1513 demissumque
506 1445 587 1507 redit,
605 1444 728 1512 fictaque
744 1443 830 1494 verba
846 1442 950 1494 refert:

201 1514 252 1566 Hic
269 1515 337 1565 milri
355 1532 437 1565 causa
454 1531 551 1564 morae
566 1513 693 1563 vivarum
707 1513 833 1564 obsessor
847 1527 996 1581 uquarum:

126 1584 179 1638 260
230 1584 282 1635 Hic
295 1584 385 1634 tenuit
395 1583 487 1634 fontes
502 1581 683 1651 officiumque
699 1599 803 1634 meum.

194 1652 287 1705 Addis.
306 1653 353 1716 ait,
373 1653 471 1721 culpae
486 1651 640 1715 mendacia,
660 1651 794 1715 Phoebus,
817 1659 845 1701 et
858 1650 942 1702 audes

230 1721 385 1772 landinum
399 1721 490 1772 verbis
504 1720 603 1771 fallere
619 1718 688 1771 velle
704 1718 808 1771 deum?

145 1816 148 1825 =
194 1795 230 1841 at
244 1791 305 1852 tibi,
325 1790 390 1842 dum
406 1790 513 1841 lactens
528 1790 655 1840 haerebit
668 1790 696 1839 iu
710 1790 810 1840 arbore
825 1788 903 1854 ficus,

232 1862 269 1910 lle
288 1859 365 1916 nullo
379 1860 488 1929 gelidae
504 1860 582 1910 fonte
597 1859 729 1910 bibuntur
746 1875 844 1928 aquae.

125 1928 177 1986 265
194 1929 283 1981 Dirit:
303 1937 332 1979 et
346 1928 453 1997 antiqui
467 1937 649 1980 monumenta
661 1929 792 1996 perennia
809 1927 877 1978 sacti

228 1998 340 2068 Anguis,
357 1998 430 2064 Avis,
458 2000 563 2065 Crater,
581 1998 673 2048 sidera
687 1999 782 2049 iuncta
795 2004 912 2049 micantis

193 2077 300 2153 Tertia
311 2110 376 2170 post
394 2101 457 2152 Idus
474 2101 562 2155 nudos
577 2105 684 2152 Aurora
697 2104 838 2169 Lupercos

227 2171 368 2240 Adspicit:
387 2181 415 2222 et
426 2173 511 2222 Fauni
524 2188 605 2222 sacra
617 2171 739 2223 bicornis
752 2180 827 2223 eunt.

192 2239 292 2306 Dicite,
310 2241 437 2306 Pierides,
456 2257 601 2293 sacrorum
615 2240 735 2309 quaesit
748 2241 845 2317 origo:

121 2310 174 2365 270
225 2311 279 2361 Atti
302 2311 374 2361 erint
388 2310 479 2362 Latius
495 2310 568 2362 unde
581 2310 668 2377 petita
683 2310 789 2364 domos.

190 2381 264 2430 Pana
276 2329 360 2431 deum
372 2380 482 2448 pecoris
496 2389 604 2431 veteres
617 2379 734 2430 coluisse
746 2379 876 2432 feruntur

224 2449 357 2511 Arcades;
376 2449 500 2500 Arcadiis
514 2449 652 2516 plurimus
665 2448 712 2499 ille
726 2448 807 2518 iugis.

165 2524 173 2533 ’“
190 2517 279 2570 Testis
294 2518 351 2569 erit
366 2517 477 2580 Pholoe,
495 2526 579 2569 testes
589 2517 791 2586 Stymphalides
806 2516 908 2582 undae,

226 2588 334 2657 Quique
349 2587 409 2639 citis
422 2587 518 2639 Ladon
530 2588 560 2638 in
573 2604 651 2638 mare
665 2587 755 2638 currit
770 2587 865 2655 squis;

121 2657 173 2712 275
191 2656 341 2726 Cinctaque
358 2656 457 2724 pinetis
470 2657 593 2707 nemoris
608 2657 673 2726 iuga
687 2657 850 2722 Nonacrini,

223 2726 341 2796 Altaque
355 2726 474 2793 Cyllene,
492 2726 707 2794 Parrhasiaeque
720 2727 804 2777 nives.
876 2738 879 2744 ⁴

168 2848 171 2853 ,
188 2795 244 2846 Pau
260 2805 319 2847 erat
334 2803 453 2848 armenti
469 2805 568 2860 custos,
587 2798 642 2846 Pau
654 2812 757 2846 numen
773 2810 924 2863 equarum:

169 2866 173 2875 “
223 2867 322 2915 Munus
337 2865 373 2917 ob
386 2864 541 2916 incolumes
557 2865 606 2916 ille
620 2865 728 2915 ferebat
742 2880 816 2916 oves.

187 2933 343 2985 Transtulit
355 2934 481 2985 Evander
491 2933 628 2986 silvestria
637 2935 752 2986 numum
764 2940 870 2984 secum.

118 3003 172 3058 280
224 3003 284 3057 uio.
303 3004 351 3054 ubi
363 3020 438 3054 nunc
451 3004 518 3054 urbs
533 3012 581 3069 est,
600 3012 663 3054 turn
673 3000 752 3054 locus
763 3002 840 3053 urbis
855 3009 926 3053 erat.

188 3071 257 3124 Inde
270 3071 352 3122 deum
369 3072 497 3137 colimus,
515 3073 685 3141 devectaque
698 3089 776 3123 sacra
792 3070 921 3141 Pelasgis.

222 3141 335 3192 Flamen
348 3141 439 3193 adhuc
452 3143 541 3209 prisco
555 3159 635 3193 more
650 3142 733 3192 Dialis
747 3149 815 3192 erat.

188 3211 242 3261 Cur
257 3210 264 3260 i
287 3211 343 3263 itur
355 3220 482 3272 currant3
503 3220 531 3263 et
544 3229 603 3275 cur,
621 3210 661 3262 sic
675 3227 788 3275 currere
799 3227 860 3262 mos
874 3216 924 3274 est,

220 3229 299 3330 Nuda
314 3280 406 3331 ferant
418 3281 508 3348 posita
520 3297 639 3347 corpora
652 3288 736 3340 veste,
755 3280 858 3348 rogas?

116 3348 168 3402 285
185 3351 247 3419 lpse
263 3348 330 3401 deus
342 3349 422 3402 velox
437 3349 593 3403 discurrere
606 3347 709 3425 gaudet
721 3349 750 3401 in
763 3348 840 3402 altis
