2334 3842
123 228 261 302 amir.
283 246 340 301 ax
359 243 511 300 rouro
531 242 614 305 ara.
634 245 681 299 1v.
700 241 760 308 aa.
781 245 839 301 xv.
861 243 931 302 rvr.
953 245 1017 310 eet

57 396 156 463 Teque
170 399 250 446 meae
263 406 375 443 cauam
388 397 612 460 servatoremque
623 389 733 460 salum,
808 405 810 408 ’

94 466 195 533 Meque
210 472 290 520 tuum
301 460 375 513 libra
386 457 462 512 norit
477 468 505 511 et
521 473 584 511 aere
597 460 698 514 minus.

430 569 638 606 ᾳ

256 628 658 697 *EPISTOLA
699 629 820 702 XVI..

329 750 716 805 ·an1Nv1nun

55 834 178 936 Invida,
235 868 263 922 id
276 870 383 923 laceras
395 868 512 936 Nasonis
528 868 654 920 cennina
665 870 758 939 rapti?

92 941 156 991 Non
169 956 198 991 so
211 950 239 992 et
252 940 369 1010 ingeniis
381 953 490 991 summa
500 953 604 989 nocere
617 937 684 991 dies.

56 1005 198 1077 Famaque
211 1019 273 1077 post
288 1010 393 1062 cineres
408 1010 499 1060 maior
511 1006 600 1058 venit:
619 1015 647 1058 et
659 1008 728 1060 mihi
740 1023 844 1065 nomeu

90 1080 172 1142 *Tunc
186 1095 313 1147 quoque,
332 1095 397 1130 cum
412 1076 480 1128 vivis
495 1092 711 1143 annumeraret,
731 1088 799 1137 eret.

56 1148 129 1202 Cum
142 1145 216 1198 foret
229 1157 256 1198 et
270 1150 391 1212 Mersus,
408 1145 558 1215 magnique
571 1144 700 1197 Rabirius
710 1148 775 1214 oris,

94 1215 248 1285 Iliacusque
263 1219 371 1278 Macer,
389 1215 567 1283 sidereusque
579 1213 668 1266 Pedo:

54 1287 90 1337 Et
97 1291 111 1346 ‚⁸
124 1284 172 1354 qui
184 1288 321 1336 lunonem
338 1283 460 1336 laesisset
476 1283 505 1334 in
519 1282 654 1348 Hercule,
671 1284 772 1350 Carue3

92 1351 205 1406 lunonis
218 1352 242 1403 si
252 1369 310 1404 non
323 1352 380 1404 iam
388 1368 478 1423 gener
489 1352 537 1404 ille
548 1352 639 1406 foret:

55 1422 168 1492 Quique
181 1421 258 1474 dedit
269 1422 349 1475 Latio
364 1438 479 1474 carmen
491 1421 587 1492 regale
600 1425 729 1490 Severus,
810 1419 814 1432 '

90 1494 126 1543 Et
138 1507 203 1544 cum
218 1491 313 1544 subtili
325 1491 431 1543 Priscus
444 1500 562 1561 uterque
574 1493 678 1543 Numa:
980 1503 1014 1557 10

55 1560 168 1630 Quique
185 1559 230 1612 vel
246 1560 397 1629 imparibus
410 1561 547 1628 numeris,
564 1562 712 1627 Montane,
729 1560 776 1614 vel
790 1562 886 1636 aequis
935 1608 937 1610 .

91 1629 217 1693 suffice,
237 1637 265 1680 et
277 1629 389 1699 gemino
404 1630 528 1682 carmine
539 1646 643 1681 nomen
656 1629 758 1683 hahes:
787 1628 794 1640 ⁸

55 1702 90 1762 Et
106 1698 153 1768 qui
166 1697 321 1767 Penelopae
333 1698 486 1763 rescribere
499 1698 576 1751 iussit
588 1698 696 1766 Vlixen,

89 1771 237 1822 Errantem
249 1783 330 1820 saevo
345 1785 395 1837 per
409 1767 463 1820 duo
478 1767 566 1820 lustra
579 1768 665 1821 mari:

11 1865 13 1875 ι
56 1837 166 1906 Quique
178 1852 256 1888 suem
270 1840 425 1904 Troezena,
438 1837 691 1908 imperfectumque
705 1836 815 1894 dierum
980 1845 1013 1899 15

43 1949 49 1956 .
90 1904 218 1958 Deseruit
232 1905 316 1958 celeri
331 1915 422 1959 morte
436 1907 550 1959 Sabinus
564 1923 648 1976 opus:
745 1947 748 1954 .
855 1923 856 1926 ’

55 1974 218 2046 Ingeniique
229 1976 270 2025 sui
284 1975 373 2026 dictus
386 1977 553 2046 cognomine
565 1980 681 2047 Largus,

91 2044 201 2096 Gallica
212 2042 260 2111 qui
272 2043 427 2114 Phrygiumv
435 2043 513 2095 duxit
526 2044 555 2095 in
569 2062 636 2096 arva
649 2059 759 2100 senem:

55 2113 165 2183 Quique
177 2112 254 2164 canit
267 2111 401 2164 domitam
414 2113 572 2164 Camerinus
586 2113 622 2164 ab
638 2114 758 2167 Hercule
770 2112 900 2182 'l'roiam3

89 2184 144 2245 Qui
185 2197 265 2233 esua
277 2198 381 2233 nomen
397 2181 522 2249 Phyllide
535 2182 640 2234 Tuscus
654 2180 754 2236 habeta
977 2189 1013 2243 20

54 2251 152 2306 Velivo
164 2250 229 2319 ique
243 2250 327 2302 maris
340 2259 430 2316 vates,
449 2250 495 2302 cui
505 2250 619 2302 credere
632 2249 720 2319 possis
1078 2257 1084 2266 ¹

87 2320 218 2372 Carmina
230 2319 373 2372 caeruleos
386 2321 574 2388 composuisse
588 2319 667 2372 deos:

55 2389 166 2459 Quique
180 2387 253 2441 acies
264 2389 382 2456 Libycas
392 2391 571 2458 Romanaque
582 2387 690 2457 proelia
701 2387 786 2459 dixit3

88 2462 122 2510 Et
133 2458 248 2522 Marius,
266 2458 363 2526 scripti
377 2457 472 2509 dexter
485 2458 514 2510 in
529 2474 612 2510 omne
625 2474 725 2528 genus:

53 2528 268 2596 Trinacriusque
281 2544 346 2579 suae
360 2526 500 2588 Perseidos
513 2535 626 2593 auctor,
646 2535 674 2579 et
685 2536 785 2583 auctor
818 2541 819 2544 ’
974 2531 1010 2588 26

87 2594 250 2649 Tantalidae
264 2596 373 2648 reducis
387 2596 613 2665 Tyndaridosque
624 2598 734 2665 Lupus:

53 2666 87 2718 Et
101 2665 149 2745 qui
161 2664 317 2716 Maeoniam
330 2664 483 2717 Phaeacida
496 2667 594 2730 vertit,
616 2674 711 2719 etune

86 2733 250 2787 Pindaricae
265 2732 368 2786 fidicen
382 2742 415 2785 tu
430 2751 555 2804 quoque,
571 2734 658 2801 Rufe,
674 2734 772 2801 lyraea·

52 2804 187 2873 Musaque
197 2805 318 2854 Turrani
329 2803 443 2873 tragicis
457 2803 550 2855 innixa
563 2803 721 2855 cothurnis:

87 2876 122 2926 Et
134 2882 185 2926 tua
199 2889 263 2923 cum
276 2888 358 2924 socco
371 2874 463 2937 Musa,
480 2872 604 2939 Melissa,
618 2871 697 2927 levis.
952 2873 961 2884 '
974 2876 1010 2932 80

54 2944 123 2996 Cum
137 2943 225 2993 Varus
237 2941 432 3011 Gracchusque
445 2941 543 2994 darent
556 2941 620 3012 ¹fera
636 2940 712 2994 dicta
721 2939 861 3011 tyrannim

86 3009 250 3063 Callimachi
259 3009 391 3062 Proculus
407 3010 492 3062 molle
504 3018 615 3063 teneret
629 3009 696 3062 iter:

54 3080 164 3150 Tityrus
176 3079 302 3147 antiquas
318 3087 346 3131 et
361 3088 424 3131 erat
433 3080 483 3149 qui»
492 3088 619 3148 pasceret
631 3078 741 3145 herbas,

87 3155 110 3201 Α
128 3158 213 3219 taque
225 3147 336 3199 venanti
348 3148 459 3200 Gratius
471 3165 550 3200 arma
562 3147 649 3201 daret.

53 3220 107 3274 Nai'
143 3236 156 3270 s
168 3235 185 3270 a
197 3216 299 3284 Satyris
314 3227 425 3270 caneret
440 3221 579 3269 Fontanus
592 3225 707 3283 amatas,

90 3288 236 3341 Clauderet
246 3285 397 3353 imparibus
408 3286 494 3338 verba
507 3285 619 3366 Capella
632 3286 731 3337 modis.

55 3357 177 3430 Cumque
192 3354 288 3408 forent
301 3354 366 3424 alii,
383 3372 502 3426 quarum
514 3355 584 3409 mihi
596 3364 697 3409 cuncta
708 3353 817 3409 referre
