2334 3842
104 195 106 206 Α
165 242 301 298 aaron·
330 240 389 295 aa
422 238 577 306 rouro
599 199 734 296 amu
755 241 924 295 sauia.
968 241 1030 304 257

116 389 243 452 Quorum
254 404 311 439 non
322 386 434 455 pudeat,
453 402 534 466 posse
545 386 652 439 referre
664 385 750 438 iocos.

79 459 155 509 Haec
168 456 220 512 tibi
233 457 254 507 si
265 457 389 521 subeant,
407 455 496 507 absim
509 454 584 521 licet,
603 456 730 508 omnibus
742 455 826 507 horis

114 530 185 577 Ante
199 534 261 576 tuos
275 524 379 589 oculos,
398 532 428 575 ut
439 524 523 575 modo
538 524 617 591 visus,
637 541 694 577 ero.

79 598 138 663 Ipse
151 593 263 674 quidem
279 592 396 645 extremi
410 610 473 645 cum
485 594 536 644 sim
551 593 601 645 sub
618 593 730 645 cardine
743 593 847 659 mundi,

114 666 168 726 Qui
180 678 290 742 semper
303 661 412 731 liquidis
425 662 509 713 altior
524 670 610 713 exstat
623 663 716 732 aquis;

65 732 117 784 ,Te
130 740 226 783 tamen
240 740 359 797 mtuaor,
378 747 432 800 quo
447 730 507 791 solo
524 739 639 799 pectore
653 748 782 799 possum:
841 779 843 784 .

21 849 23 852 ,
113 803 146 851 Et
158 809 253 851 tecum
264 797 357 869 gelido
369 815 450 867 saepe
464 800 514 851 sub
527 816 578 851 axe
593 799 703 868 loquor.

77 869 130 922 Hic
142 885 181 935 es,
199 867 365 940 etrignoras:
378 876 412 929 ,et
425 868 489 920 ades
508 868 705 936 celeberrimus
719 868 832 922 absens:
901 925 905 937 Ι

110 941 142 988 In
163 952 198 990 ue
214 939 295 989 Getas
305 937 398 989 m'edia
408 937 479 988 visus
492 937 527 988 ab
541 937 615 988 Uibe
627 937 712 989 venis.

77 956 293 1060 sessionnem:
310 1015 345 1072 et,
365 1006 498 1077 quoniam
510 1022 541 1057 re
564 1006 588 1057 'o
602 1006 713 1071 felicior
725 1005 778 1058 ista
793 1012 842 1070 est,

91 1107 99 1116 ι
112 1071 174 1137 Elio
190 1091 237 1128 me
250 1075 370 1130 memori
381 1083 496 1145 pectore
510 1073 539 1132 se
568 1092 621 1143 per
634 1067 715 1128 habe.

299 1245 328 1310 a
355 1185 724 1312 baffia
750 1220 810 1308 iu.

424 1367 475 1419 *R
508 1369 534 1419 U
565 1367 653 1418 Ro.

75 1450 152 1538 Hoc
169 1482 229 1551 tibi,
246 1483 326 1551 Rufe,
343 1483 619 1554 brevi1properatum
636 1493 765 1553 tempore
782 1480 874 1536 mittit·
926 1537 929 1545 Ι

117 1554 199 1617 Naso,
216 1569 316 1622 parum
328 1554 438 1628 vfaustae
456 1547 585 1606 conditoi
603 1555 683 1618 Artis,
703 1567 787 1620 opus:

77 1625 122 1688 Ut,
140 1638 310 1701 quamquam
319 1622 402 1702 longe
414 1632 474 1684 toto
491 1637 584 1675 siamus
596 1624 664 1676 orbe
677 1621 791 1686 remoti,

110 1695 186 1743 Scire
197 1699 292 1743 tamen
306 1709 392 1760 poss1s
406 1709 456 1744 nos
467 1692 624 1743 meminisse
637 1693 686 1745 tui.

75 1760 200 1813 Nominis
215 1769 283 1812 ante
293 1762 349 1813 mei
357 1759 471 1814 'venient
483 1761 583 1813 oblivia
599 1761 687 1827 nobis,

21 1831 23 1842 '
108 1830 224 1880 Pectore
236 1845 321 1898 quam
333 1831 420 1897 pietas
434 1831 468 1881 sit
480 1839 529 1884 tua
541 1830 622 1898 pulsa
634 1847 708 1881 meo.

75 1898 108 1948 Et
119 1898 195 1965 prius
206 1898 278 1950 hano
290 1898 411 1951 animam
424 1916 524 1952 vacuas
532 1899 681 1951 reddemus
693 1900 722 1950 in
734 1909 826 1961 auras,
903 1901 910 1915 ‘

110 1971 200 2030 Quam
210 1968 259 2018 fiat
274 1968 368 2018 meriti
380 1968 470 2038 ¹gratia
484 1985 555 2020 vana
571 1969 622 2020 tui.

77 2035 185 2088 Grande
195 2037 266 2088 vooo‘
278 2035 407 2090 lacrimas
419 2037 560 2101 meritum,
579 2037 678 2105 quibus
691 2051 741 2087 ora
749 2033 868 2103 rigabas,

109 2107 176 2156 Cum
188 2122 253 2156 mea
266 2114 398 2156 concreto
411 2105 485 2156 sicea
497 2104 713 2165 doloresforent.
853 2139 854 2142 κ
990 2099 1025 2152 10

56 2239 57 2242 ¹
75 2175 186 2227 Grande
199 2190 269 2225 voco
280 2174 421 2236 meritum,
440 2183 563 2225 moestae
577 2173 677 2224 solatia
689 2171 798 2236 mentis,

108 2247 178 2295 Cum
190 2243 294 2311 pariter
306 2242 386 2294 nohis
398 2241 447 2293 illa
458 2239 564 2310 tibique
580 2241 668 2293 dares.
857 2302 859 2308 Ι

75 2315 175 2381 Sponte
187 2311 308 2381 quidem,
326 2328 377 2378 per
389 2327 472 2380 seque
482 2328 546 2363 mea
559 2320 600 2361 est
611 2308 759 2362 laudabilis
771 2321 856 2368 uxor3

107 2381 257 2433 Admonitu
270 2378 370 2432 melior
382 2378 414 2431 fit
424 2389 520 2431 tamen
535 2378 583 2430 illa
595 2387 652 2432 tuo.
831 2387 833 2390 ’

75 2451 200 2519 Namque
214 2449 288 2518 quod
300 2450 461 2501 Hermiones
473 2451 568 2500 Gastor
577 2448 640 2514 suit,
658 2450 762 2500 Hector
774 2442 836 2508 liiii,

108 2522 167 2571 Hoc
184 2527 277 2588 agate
291 2518 382 2570 laetor
394 2518 517 2588 coniugis
532 2530 589 2569 esse
600 2533 688 2569 meae.

77 2590 159 2654 Quae,
177 2605 212 2639 ne
228 2585 364 2638 dissimilis
376 2587 427 2639 tibi
439 2588 474 2638 sit
485 2587 631 2655 probitate,
649 2585 772 2649 laborat3

107 2656 252 2727 Seque'tui
267 2656 325 2706 vita
336 2656 475 2724 sanguinis
485 2672 544 2708 esse
557 2656 666 2725 probat.

75 2727 154 2797 Ergo,
173 2723 249 2795 quod
262 2724 354 2775 fuerat
366 2724 482 2776 stimulis
496 2725 607 2776 factura
619 2723 678 2776 sine
690 2722 762 2787 ullis,

106 2796 214 2847 Plenius
229 2801 373 2845 auctorem
388 2802 415 2844 te
428 2810 537 2862 quoque
548 2802 631 2845 nacta
646 2792 723 2844 facit.

75 2866 152 2927 Acer,
171 2872 201 2915 et
216 2862 252 2913 ad
264 2861 375 2930 palmae
385 2878 436 2929 per
451 2859 480 2913 se
494 2878 623 2913 cursurus
634 2861 762 2924 honores,

107 2934 135 2984 Si
146 2942 242 2984 tamen
256 2931 383 2995 horteris,
401 2930 500 2984 fortius
513 2929 565 2982 ibit
578 2946 672 2999 equus.
705 2929 708 2937 '

76 3000 158 3066 adde,
175 3000 250 3071 quod
261 2999 380 3051 absentis
391 3016 458 3051 cura
469 2997 599 3050 mandata
611 2996 687 3049 fideli

106 3070 227 3135 Perficis,
246 3078 274 3123 et
283 3068 392 3120 nullum
408 3065 483 3120 ferre
496 3068 619 3138 gravaris
633 3082 711 3119 onus.

77 3140 96 3188 0
109 3140 232 3190 referant
245 3146 346 3207 grates,
363 3137 494 3206 quoniam
507 3154 563 3187 non
575 3150 718 3205 possumus
733 3130 793 3202 ipsi,

107 3209 141 3259 Di
152 3208 217 3260 tibi:
236 3207 283 3275 qui
293 3206 423 3270 referent,
442 3206 464 3257 si
479 3206 524 3274 pia
537 3205 614 3257 facta
625 3202 726 3254 vident.

78 3277 251 3345 Sufficiatque
264 3274 312 3326 diu
325 3292 423 3344 eorpus
436 3291 546 3343 quoque
559 3272 683 3325 moribus
693 3270 758 3340 istis,

109 3346 227 3400 Maxima
240 3344 365 3397 Fundani
375 3342 473 3415 gloria,
490 3343 570 3408 Rufe,
588 3342 649 3397 soli.

692 3416 702 3436 X
