2334 3842
334 204 582 264 PASTORUM
607 209 690 265 LIB.
711 212 761 268 111.

104 356 195 420 Quam
205 353 294 408 sterili
307 350 400 408 terne
410 352 560 423 Delphicus
575 353 641 408 edat
657 372 751 439 opem.

69 423 122 478 Hic
137 441 250 505 quoque
265 432 415 506 corruptus
427 441 479 493 pro
491 424 598 476 semina
609 435 719 479 nuntiat
731 425 823 482 Helles

103 495 138 545 Et
150 493 257 545 iuvenis
271 493 364 545 Phrixi
375 493 476 546 funera
487 501 563 545 sorte
574 494 642 562 peti.

71 565 107 616 Ut
146 579 161 614 e
177 570 355 615 recusantem
367 562 448 627 cives,
468 570 496 614 et
505 571 625 631 ternpus,
645 571 674 617 et
685 567 735 618 Ino

124 630 304 700 ompulerunt
314 648 413 703 regem
427 631 500 682 iussa
512 631 634 685 nefanda
648 633 723 702 peti3

72 700 104 753 Et
117 715 205 766 soror,
224 707 254 751 et
267 699 381 752 Phrixus
394 699 479 752 velati
491 709 620 770 ternpore
632 703 727 769 ramis,

103 771 182 820 Stant
194 768 278 820 simul
290 777 355 820 ante
368 785 437 835 aras,
455 768 607 839 iunctaque
620 770 680 823 iata
693 781 820 842 gemunt.

72 835 193 906 Adspicit
205 837 314 903 bossut
325 837 588 908 iorte‘pependerat
604 840 727 909 aethere,
744 849 853 907 naseu
901 903 904 909 7

104 909 137 958 Et
152 905 221 958 ferit
234 906 354 960 attonita
366 917 483 977 pectora
497 907 572 959 nude
588 926 688 962 manu:

73 976 156 1095 [οπο
170 974 390 1047 draconigenam
401 976 503 1029 nimbis
518 977 717 1035 comitantibus
730 980 832 1032 urbem
866 1008 871 1019 ·

128 1043 216 1096 esilit:
229 1042 260 1096 st
270 1053 350 1098 natos
366 1045 448 1115 eripit
458 1045 523 1097 inde
537 1063 624 1101 suos.»
751 1060 754 1073 ¹

28 1130 29 1133 ¹
74 1115 96 1164 U
145 1129 160 1166 e
173 1113 273 1183 fugam
286 1114 403 1183 rapiant,
421 1115 492 1166 aries
503 1114 683 1167 nitidissimus
696 1131 767 1168 auro

142 1181 245 1235 aditur.
280 1182 331 1236 Ille
345 1182 422 1237 vehit
435 1198 486 1252 per
500 1183 575 1237 freta
587 1184 673 1255 longa
686 1183 765 1238 duos.

73 1248 176 1304 Dicitur
187 1250 301 1303 infirma
312 1269 401 1305 cornu
415 1252 537 1304 tenuisse
552 1253 662 1305 sinistra

103 1319 231 1383 Femine3
250 1336 316 1373 cum
330 1321 364 1374 de
376 1338 406 1373 se
419 1322 534 1373 nomina
549 1321 618 1374 fecit
633 1336 732 1391 aquae.

72 1387 158 1442 Paene
170 1389 254 1441 simul
266 1390 359 1460 periit,
377 1391 445 1447 dum
455 1390 523 1442 'vult
533 1406 682 1444 succurere
700 1391 804 1459 lapsae,

103 1460 210 1521 Frater,
231 1467 260 1511 et
271 1467 394 1511 extentes
409 1459 528 1529 porrigit
539 1476 628 1529 usque
640 1475 749 1513 manns.

27 1558 28 1563 =
72 1524 174 1592 Flebat,
192 1534 226 1578 ut
239 1527 339 1580 emissa
349 1528 455 1599 gemini
469 1526 597 1581 c‘o'nsorte
607 1527 718 1598 pericli,

27 1616 29 1655 t
104 1595 239 1648 Coemleo
253 1596 379 1649 iunctum
393 1597 502 1649 nescius
516 1613 574 1650 esse
588 1598 650 1650 deo.

27 1658 29 1733 ἑ
72 1662 222 1718 littoribus
237 1666 321 1717 tactis
334 1667 407 1719 eries
417 1665 450 1718 fit
463 1665 553 1720 sidus:
570 1676 602 1718 at
612 1665 695 1718 huius

27 1736 28 1787 ἰ
105 1734 233 1788 Pervenit
247 1735 277 1786 in
291 1734 405 1788 Colchas
421 1751 507 1809 aurea
518 1735 585 1789 luna
598 1735 707 1789 domos.

27 1790 29 1871 i
76 1810 150 1890 Tres
163 1835 212 1889 ubi
227 1835 373 1904 Luciferos
391 1837 503 1890 veniens
516 1836 693 1909 praemiserit
705 1836 774 1901 Eos3
863 1876 865 1879 ψ

27 1910 28 1913 ’
68 1956 72 1965 .
106 1907 244 1979 Tempora
256 1906 400 1960 nocturnis
415 1924 505 1978 aeque
521 1908 621 1961 diurna
633 1907 717 1960 ieres.

77 1986 145 2063 Inde
162 2017 263 2081 quater
274 2018 371 2079 pastor
385 2018 493 2063 saturos
509 2009 558 2062 ubi
571 2006 702 2062 clauserit
714 2007 830 2075 hoedos,

109 2078 257 2133 Ganuerint
270 2079 374 2132 herbae
386 2095 452 2132 rore
470 2087 584 2132 recente
598 2086 710 2155 quate&

81 2148 155 2199 Ianus
168 2147 334 2207 adorandus,
352 2164 473 2217 cumque
488 2147 543 2199 hoc
557 2146 713 2199 Concordia
726 2144 813 2212 mitis,

110 2217 143 2269 Et
152 2219 276 2269 Romana
288 2216 376 2285 Salus,
392 2232 496 2286 eraque
508 2217 586 2269 Pacis
600 2215 662 2269 erit.

83 2293 163 2368 Luna
175 2318 248 2390 regit
259 2318 377 2370 nienses.
410 2319 497 2370 Huius
512 2334 626 2440 guoque
640 2324 770 2385 tempora
781 2313 883 2368 mensis

28 2394 30 2403 “
114 2383 181 2440 Finit
192 2388 325 2441 Aventino
337 2390 416 2442 Luna
429 2387 511 2440 colen
530 2405 548 2439 a
559 2404 636 2462 rugo.
