2334 3842
110 262 152 323 30
191 300 194 311 i
371 222 407 314 r,
432 258 579 312 ovm11
599 254 794 310 Nusoms

222 403 333 457 Callisto
352 400 424 456 sacri
440 419 505 471 pars
521 401 577 454 fuit
593 420 650 454 una
667 401 754 457 chori.

179 474 234 528 Illa
252 475 320 526 deae
337 481 453 542 tangens
471 488 569 538 arcus,
590 478 665 536 Quos
681 472 839 543 tangimus,
854 487 945 539 arcus,

215 548 276 597 Este
294 559 376 597 meae
391 550 476 592 testes
494 543 680 612 virginitatis,
699 542 748 594 ait.

182 613 299 684 Cynthia
315 611 457 675 laudarit,
474 613 667 681 Promissaque
678 609 800 664 ‘foedera
817 628 905 677 servs,

116 683 166 740 160
218 687 251 735 Et
269 683 403 734 comitum
421 680 549 750 princeps
566 692 599 732 tu
616 681 703 747 mihi,
719 680 806 746 dixit,
825 681 888 736 eris.
938 720 940 727 i

182 751 306 807 Foedera
323 759 474 816 servasset,
492 751 516 801 si
532 768 590 807 non
607 751 733 803 formosa
749 750 856 805 fuisset.

219 819 297 872 Cavit
314 819 463 870 mortales:
482 820 516 871 de
534 823 606 872 Iove¹
617 819 725 872 crimen
741 819 837 872 habet.

184 890 260 943 Mille
277 889 353 941 feras
369 888 480 944 Phoebe
497 889 570 940 silvis
588 898 688 941 venata
705 890 828 941 redibat:
897 901 901 911 ¹

217 964 273 1010 Aut
288 959 366 1026 plus,
384 967 432 1009 aut
449 958 574 1010 medium
591 957 650 1010 soie
668 967 781 1013 tenente
799 957 884 1014 diem.

119 1030 169 1086 165
187 1033 224 1081 Ut
240 1027 332 1097 tetigit
348 1027 462 1080 lucum:
481 1028 566 1080 densa
583 1028 664 1098 niger
681 1027 745 1080 ilice
762 1027 853 1094 lucus,

179 1141 185 1169 y
218 1100 250 1149 In
268 1095 362 1148 medio
380 1094 489 1167 gelidae
505 1097 737 1156 senserataltus
756 1113 861 1166 aquae3

186 1170 263 1233 Hac,
281 1167 337 1232 ait,
354 1165 383 1216 in
402 1166 485 1230 silva,
506 1166 586 1238 virgo
604 1169 746 1237 Tegeaea,
764 1166 901 1220 lavemur.

220 1235 337 1288 Erubuit
353 1234 425 1286 falso
443 1235 556 1306 virginis
573 1234 622 1287 illa
639 1255 717 1290 sono.

144 1332 147 1336 ·
186 1307 300 1367 Dixerat
317 1312 345 1356 et
362 1305 508 1373 Nymphis:
530 1305 675 1375 Nymphae
693 1303 833 1357 velamina
848 1311 966 1373 ponunt.

118 1380 170 1438 170
220 1378 299 1426 Hanc
316 1374 418 1443 pudet,
434 1383 461 1425 et
475 1375 572 1426 tardae
592 1375 640 1425 dat
657 1375 732 1427 mala
748 1376 827 1445 signa
843 1390 949 1429 morae.

181 1446 305 1498 thuerat
319 1443 447 1501 tunicas:
467 1445 540 1495 uteri
557 1445 704 1496 manifesta
721 1454 834 1496 tumore

221 1513 351 1568 Proditur
367 1512 472 1565 indicio
490 1512 623 1582 ponderis
640 1515 699 1582 ipsa
717 1514 768 1565 sui.

187 1582 239 1635 cui
255 1581 324 1647 dea,
343 1582 502 1652 Virgineus,
520 1582 635 1650 periura
651 1581 788 1650 Lycaoni,
808 1587 904 1633 coetus

223 1654 339 1715 Decem,
356 1668 409 1703 nec
427 1660 517 1703 castas
533 1650 645 1719 potine,
664 1652 748 1713 dixit,
767 1667 861 1720 aquas.

120 1723 170 1780 175
186 1723 266 1773 Luna
281 1737 385 1777 novum
403 1719 494 1772 decies
510 1719 641 1787 implerat
658 1720 789 1772 cornibus
806 1718 919 1771 orbem:

224 1792 302 1852 Quae
319 1787 414 1839 fuerat
430 1789 509 1858 virgo
528 1789 648 1852 credita,
667 1797 759 1841 meter
776 1797 844 1841 erat.
934 1796 935 1799 ’

188 1861 276 1913 Laese
291 1856 361 1908 furit
377 1861 462 1922 Iuno,
481 1857 606 1915 formam
623 1866 768 1928 mutatque
787 1857 904 1926 puellae.
969 1858 972 1865 '

223 1926 296 1991 Quid
312 1926 401 1979 facis?
419 1927 506 1978 invito
524 1937 641 1995 pectore
659 1946 738 1996 passa
750 1932 846 1978 Iovem
858 1935 912 1980 est.

190 2000 283 2065 thue
297 1995 375 2048 ferae
392 1995 463 2050 vidit
479 2005 574 2064 turpes
592 1997 621 2048 in
638 1997 739 2066 pellice
756 1996 861 2063 vultus5

123 2070 174 2129 189
226 2066 312 2116 Huius
329 2065 359 2116 in
376 2064 518 2133 ampiexus
536 2066 656 2134 iupiter,
674 2067 701 2117 in
743 2066 781 2132 it,
800 2073 853 2119 eat.

193 2139 261 2188 Ursa
277 2150 328 2202 per
345 2135 466 2186 incultos
484 2135 597 2187 errabat
610 2085 742 2204 squatifii
751 2144 871 2200 montes,

115 2200 120 2213 ‘
226 2207 303 2267 Quae
320 2203 414 2255 fuerat
431 2221 540 2256 summo
559 2222 649 2273 nuper
666 2204 786 2257 amanda
802 2203 871 2256 Iovi.

191 2277 252 2332 {em
269 2274 324 2325 tria
339 2274 428 2325 lustra
445 2291 514 2341 puer
532 2274 609 2326 furto
625 2284 780 2343 ,conceptus
798 2273 914 2344 agebat3
987 2340 992 2346 ἢ

229 2344 297 2395 Cum
315 2350 405 2395 mater
418 2352 484 2395 nato
504 2352 544 2394 est
562 2345 644 2396 obvia
660 2344 737 2396 facta
753 2360 812 2396 suo.

125 2412 246 2474 1351112
264 2411 390 2487 quidem,
407 2419 553 2481 tamquam
571 2421 767 2483 cognosceret,
785 2411 1011 2482 adstitit'amen‘s,

227 2484 261 2532 Et
277 2479 399 2551 gemuit:
417 2483 536 2551 gemitus
554 2484 639 2534 verba
656 2482 779 2552 parentis
798 2489 886 2534 erant.

193 2552 272 2605 Hanc
289 2567 360 2618 puer
376 2550 489 2621 ignarus
507 2550 599 2603 iaculo
616 2552 720 2603 ⁴fixisset
737 2559 819 2603 acuto
826 2567 837 2614 ς

229 2621 265 2672 Ni
281 2619 357 2672 foret
372 2619 402 2670 in
421 2636 533 2688 superas
550 2629 646 2689 raptus
663 2630 781 2690 uterque
796 2619 902 2675 domes.

196 2687 444 2760 Signapropinqua
452 2691 566 2743 micant.
582 2691 666 2749 ,Prior
683 2699 731 2755 est,
741 2689 951 2759 quamdicimus
960 2692 1087 2746 Arcton:

126 2759 179 2823 mo
229 2757 416 2826 Arctophylax
432 2759 555 2810 formam
572 2767 653 2831 terga
666 2759 809 2828 sequentis
823 2758 916 2812 habet.
1061 2768 1063 2779 ¹

195 2828 287 2880 Saevit
304 2827 410 2893 adhuc,
435 2832 592 2899 canantque
608 2838 691 2900 regat
708 2828 836 2880 Saturnia
852 2827 972 2896 Tethyn,

230 2896 398 2973 Maenaliam
414 2899 495 2953 tectis
512 2915 548 2950 ne
564 2899 640 2952 lavet
655 2903 760 2953 Arcton
777 2896 865 2969 aquis.

196 3002 298 3088 Idibus
316 3036 431 3105 agrestis
447 3037 557 3089 fumant
570 3036 669 3091 altaria
685 3034 782 3102 Fauni,

233 3105 285 3156 Hic
303 3105 352 3155 ubi
366 3104 500 3158 discretas
517 3105 608 3158 insula
623 3107 728 3174 rumpit
746 3121 840 3175 aquas.

129 3171 182 3234 195
197 3175 273 3226 Haec
290 3172 346 3225 fuit
363 3173 411 3225 illa
426 3175 492 3239 dies,
510 3177 539 3227 in
558 3193 613 3245 qua
625 3174 784 3228 Veientibus
802 3170 875 3226 arvis
944 3220 947 3223 .

234 3244 289 3294 Ter
306 3251 420 3295 centum
437 3245 529 3311 Fabii,
549 3253 597 3296 ter
614 3244 742 3297 cecidere
755 3243 820 3296 duo.
854 3286 857 3293 .
964 3304 968 3311 p

198 3314 261 3369 Una
277 3311 376 3364 domus
392 3313 463 3365 vires
482 3321 510 3365 et
527 3331 598 3366 onus
611 3322 770 3383 susceperat
782 3312 875 3365 urbis:

234 3384 352 3434 Sumunt
364 3382 483 3453 gentiles
497 3398 580 3437 arma
595 3385 721 3456 professa
732 3399 841 3439 manus.
