2334 3842
142 217 208 281 264
262 205 264 210 '
402 221 434 276 a.
461 218 830 277 ov1o11uasoms

247 362 359 417 Ambiat
379 371 412 416 ut
431 364 523 418 fulvas
534 363 626 418 infala
637 364 723 437 longa
742 380 847 422 comas.

160 432 195 486 75
212 433 339 503 Dumque
358 442 439 502 parat
452 452 572 500 sacrum,
592 434 659 487 dum
673 435 747 486 velat
759 444 887 503 tempora
899 436 988 504 vittis,

247 504 320 553 Dum
333 502 429 555 tardae
443 520 539 555 causas
550 504 657 555 invenit
671 521 759 574 usqua
781 521 892 569 morae3
1035 509 1038 516 '

212 572 275 623 Non
299 588 350 642 ago
372 571 502 640 crudelis,
519 573 633 625 iuvenes
647 572 792 643 ignoscite,
811 573 894 626 dixit:

248 641 332 694 Sacro
346 656 395 692 suo
410 640 485 692 facio
502 641 667 693 barbariora
679 641 752 697 loco.

215 707 293 774 Ritus
303 708 325 760 is
341 717 381 761 ast
394 709 492 779 gantis.
528 714 590 774 Qua
602 728 650 763 vos
661 719 755 763 tamen
775 711 846 763 urba
859 709 980 764 venitis?

164 772 200 829 80
252 780 345 840 Quove
358 794 459 846 parum
477 778 568 832 fausta
581 797 675 849 puppe
692 779 798 848 petistis
812 780 887 831 iter?

212 845 299 899 Dixit:
309 871 313 878 ⁴
325 854 362 913 at,
382 847 476 900 audito
491 849 596 917 patriae
611 850 659 917 pia
677 848 791 901 nomine
810 851 901 920 virgo,

251 917 397 968 consortes
409 917 485 969 urbis
500 917 639 986 comperit
658 934 716 971 assa
728 933 802 970 suaa.

215 983 292 1038 alter
305 992 334 1035 at
349 1002 364 1037 a
386 986 473 1053 vobis,
491 987 590 1057 inquit,
609 986 694 1039 cadat·
702 986 793 1039 hostia
807 985 896 1052 saori;

164 1086 166 1093 ·
249 1052 291 1103 Ad
322 1053 405 1105 atrias
416 1055 494 1108 sedes
511 1056 624 1107 nuntius
636 1056 708 1108 altar
722 1066 776 1109 eat.

162 1116 197 1176 85
213 1124 257 1173 Ira
270 1071 348 1174 iniat
358 1123 473 1192 Pylades
494 1142 592 1177 carum
611 1124 752 1194 periturus
770 1128 894 1178 Oresten.

250 1190 300 1241 Hic
312 1201 410 1263 negate
443 1194 528 1263 inque
541 1195 633 1247 vicem
646 1201 752 1264 pugnat
769 1202 832 1246 uter
872 1194 985 1248 amori.

213 1260 309 1311 Extitit
324 1261 379 1315 hoc
393 1278 490 1329 unum,
513 1281 568 1333 quo
582 1281 639 1315 non
656 1263 818 1316 contenderit
832 1264 837 1273 '
865 1264 870 1275 '
885 1303 895 1316 .

250 1331 363 1382 Caetera
376 1347 428 1400 par
442 1349 560 1385 concors
576 1340 604 1385 et
617 1333 676 1384 sine
693 1331 743 1384 lite
757 1331 822 1383 fuit.

215 1399 289 1450 Dum
324 1408 442 1471 aragunt
456 1401 546 1469 pulcri
556 1402 670 1454 iuvenes
692 1410 835 1453 certamen
852 1400 974 1466 amoris;

163 1461 199 1519 90
250 1470 285 1519 At
298 1416 417 1521 iiatram
430 1470 549 1540 scriptas
563 1479 657 1540 exarat
676 1469 727 1521 illa
745 1479 834 1523 notas.

216 1536 259 1589 Ad
276 1536 395 1594 fratrem
406 1540 538 1592 mandata
555 1540 649 1605 dabat,
667 1540 767 1608 cuique
780 1538 831 1591 illa
848 1537 995 1604 dabantur,

252 1607 393 1659 Humanos
416 1626 494 1661 casus
505 1609 625 1679 adspice,
643 1608 732 1661 frater
753 1616 821 1661 erat.

215 1676 275 1727 Nec
289 1687 382 1743 mora3
402 1677 436 1730 da
448 1678 555 1748 templo
566 1678 680 1748 rapiunt
690 1677 840 1729 simulacra
858 1677 979 1729 Dianaat
996 1703 998 1706 ·

158 1793 164 1798 .
251 1742 385 1813 Clamqua
402 1763 454 1815 per
467 1747 616 1800 immensas
638 1762 730 1827 puppa
753 1747 884 1799 feruntur
901 1756 995 1828 aquaa

164 1805 199 1863 95
216 1812 302 1865 Mirus
319 1829 399 1864 amor
414 1814 555 1882 iuvenum,
574 1833 700 1886 quamvls
713 1815 806 1868 abiere
819 1823 863 1866 tot
875 1832 948 1878 anni,

249 1884 281 1932 In
296 1882 424 1951 Scythica
435 1900 568 1955 magnum
586 1902 661 1937 nuno
684 1902 795 1954 quoque
818 1901 924 1936 noman
936 1883 1024 1936 hahet.

214 1949 320 2002 Fabuia
334 1961 445 2005 narrata
458 1963 498 2005 ast
511 1963 658 2023 postquam
671 1952 793 2023 vulgaris
814 1954 850 2005 ab
864 1952 932 2016 illo,-

249 2018 410 2073 Laudarunt
424 2038 521 2074 omnes
541 2023 617 2074 facta
645 2022 756 2091 iamque
768 2021 865 2074 fidem.

176 2109 177 2112 ¹
215 2087 329 2140 Scilicet
340 2089 392 2142 hac
403 2092 501 2157 stiam,
586 2040 665 2144 nuiia
679 2092 812 2156 ferocior,
831 2106 884 2144 ora

147 2149 200 2205 100
249 2159 359 2211 Nomen
372 2161 511 2215 amicitiae
545 2160 745 2213 arbaraoorda
758 2168 862 2213 movet.
906 2185 908 2190 ¹

218 2226 291 2292 Quid
303 2227 397 2282 facere
409 2231 529 2283 Ausonia
541 2231 628 2302 geniti
639 2229 746 2281 dabatis
763 2230 793 2281 in
809 2229 892 2297 Urbe,
945 2271 948 2277 i

252 2297 321 2348 Cum
332 2306 380 2350 tan
401 2308 451 2350 ant
465 2299 542 2353 diros
551 2300 620 2351 talia
640 2298 717 2351 facta
738 2297 844 2350 Getas?

214 2363 301 2430 Adde,
319 2317 400 2447 quoti
410 2377 452 2421 est
464 2371 572 2421 animus
587 2385 699 2437 semper
711 2367 763 2419 tibi
784 2367 868 2434 mitis,
880 2375 910 2419 at
921 2367 992 2420 altas

249 2435 386 2488 Indicium
397 2454 489 2490 mores
511 2438 664 2491 nobilitatis
679 2437 779 2500 hahat3

148 2492 198 2548 105
216 2503 290 2565 Quos
304 2505 418 2557 Volesus
428 2506 514 2575 patrii
528 2515 679 2578 cognoscat
694 2504 813 2558 nominis
830 2513 940 2573 auctor,

250 2574 325 2635 Quos
338 2575 429 2627 Numa
447 2585 588 2628 maternus
603 2594 660 2628 non
671 2583 756 2646 neget
774 2590 833 2626 asse
852 2591 933 2642 suos:

214 2640 378 2713 adiectique
389 2644 509 2713 probent
521 2645 643 2715 genitiva
656 2643 817 2696 admomina
828 2642 936 2708 Cottas,

248 2711 277 2761 Si
291 2721 322 2763 tu
335 2730 392 2765 non
408 2730 488 2777 asses,
504 2714 654 2766 interitura
664 2714 771 2766 domus.

214 2777 248 2830 Di
269 2797 304 2833 ne
315 2782 359 2833 vir
372 2782 517 2848 buesarias,
534 2783 612 2851 lapso
623 2799 787 2836 succurrere
805 2780 900 2834 amico

167 2842 200 2899 10
250 2797 418 2905 ionveniens
429 2851 487 2905 istis
500 2854 626 2905 moribus
642 2869 699 2905 esse
709 2861 786 2922 puta.

381 3025 743 3093 EPISTOLA
784 3024 840 3088 III.

341 3147 548 3197 santo
611 3147 881 3198 MAXIMO.

220 3226 264 3311 Si
281 3270 362 3313 vacat
381 3262 509 3332 exiguum
520 3264 642 3335 profugo
656 3264 722 3316 dara
735 3273 846 3333 tempus
860 3263 962 3329 amico,

255 3330 365 3382 Osidus
384 3332 494 3398 Fabiae,
512 3334 641 3401 Maxime,
658 3335 759 3404 gentis,
777 3333 858 3386 ades:
