2334 3842
213 263 595 321 ea1sr1UML1av,
617 264 681 319 ΕΒ.
702 266 778 325 xm.
798 267 870 322 XIV.
958 271 1024 335 217

62 410 192 471 Pluribus
202 426 348 464 eeeusem:
365 408 427 463 fieri
441 408 495 462 uisi
507 411 604 479 poerit,
621 418 654 462 ut
670 411 706 464 ad
718 428 767 467 me
989 417 1022 475 15

96 483 205 533 Littera
216 497 274 532 non
288 479 390 542 veniat,
407 478 491 531 missa
504 480 541 532 sit
551 480 602 532 ille
611 488 716 534 temen.

63 550 221 615 Difaciant,
239 557 272 600 ut
280 548 323 609 ,sit
335 549 485 601 temeraria
495 559 595 603 nostre
609 551 736 618 querela;

92 622 194 689 ,Teque
207 627 305 687 putem
322 617 394 669 falso
407 635 464 669 non
476 619 635 673 meminisse
649 620 715 674 mei.

64 688 158 754 Quad-
181 704 274 753 recor,
292 702 351 738 esse
360 686 459 756 liquet.
485 690 581 756 Neque
597 688 672 743 enim
685 689 819 744 mutabile
834 691 921 747 robur

98 760 151 809 Cre
174 773 221 808 ere
234 773 280 807 me
292 756 334 807 fes
348 763 390 807 eat
401 757 523 824 pectoris
535 772 593 808 esse
609 757 660 810 tui.
959 802 961 808 Α
988 764 1025 819 20

65 827 140 880 Cena
152 825 230 895 prius
243 824 340 895 gelide
353 824 443 876 desint
454 824 594 878 absinthia
606 828 705 894 Ponto,

97 896 131 947 Et
144 902 241 947 careat
255 893 331 945 dulci
341 894 480 965 Trinacris
494 895 584 962 Hybla
603 895 727 963 thym03,

64 968 265 1019 Immemorem
277 979 362 1032 quern
373 972 402 1015 te
419 964 565 1033 quisquam
579 965 727 1029 convincat
738 967 831 1024 amici.

97 1037 163 1087 Non
173 1030 215 1084 ite
228 1030 294 1083 suni
303 1032 355 1083 feti
367 1033 486 1085 stamina
500 1033 582 1104 nigra
594 1034 660 1088 mei.

65 1105 105 1157 Tu
117 1112 225 1167 tamen,
244 1110 277 1153 ut
290 1101 375 1153 falsae
390 1102 476 1170 possis
489 1120 604 1172 quoque
614 1101 720 1172 pellere
732 1104 831 1175 culpae

97 1171 232 1237 Crimina,
245 1170 320 1240 quod
332 1187 389 1221 non
403 1188 440 1236 es,
458 1188 494 1225 ne
506 1172 627 1237 videare,
646 1189 712 1223 cave
722 1185 732 1224 τ’

20 1272 22 1291 .
66 1245 157 1311 thue
172 1240 330 1305 solebamus
343 1256 509 1292 consumere
522 1241 609 1311 lenge
622 1240 764 1310 loquendo

97 1314 249 1378 Tempora,
268 1325 425 1365 sermenem
442 1296 590 1362 deficiente
606 1309 665 1374 die,·

66 1379 109 1431 Sic
122 1380 198 1431 ferat
211 1396 244 1430 ac
256 1378 364 1433 referat
378 1378 476 1429 tacitus
490 1394 565 1431 nunc
578 1379 672 1430 littera
685 1395 781 1430 voces:

98 1452 132 1500 Et
144 1456 282 1518 peragant
296 1447 408 1526 linguae
421 1447 518 1499 charta
532 1466 686 1517 manusque
698 1447 787 1510 vices3

66 1517 147 1582 Quod
159 1517 221 1568 iore
234 1532 272 1569 ne
282 1515 400 1569 mmnun
412 1514 506 1569 videar
521 1512 657 1581 diffidere,
676 1516 768 1586 sitque

20 1592 21 1611 ³
98 1586 231 1637 Versibus
243 1584 289 1636 hic
300 1585 396 1653 paucis
410 1585 585 1641 admonuisse
598 1585 677 1647 setis3
773 1579 777 1588 ’

66 1656 177 1723 Accipe,
196 1671 251 1722 quo
265 1670 375 1721 semper
387 1653 485 1706 finitur
498 1655 615 1723 epistola
630 1654 726 1723 verbo,

20 1788 21 1803 ,
100 1729 180 1795 Aque
193 1723 263 1775 meis
277 1722 377 1777 distent
391 1731 423 1777 ut
433 1733 483 1777 tua
495 1725 564 1792 fate,
579 1724 658 1777 Vale.

252 1882 767 1999 ‚2ELEG1AXN

71 2029 199 2139 Quanta
214 2067 268 2121 tihi
286 2065 413 2118 dederint
429 2065 517 2118 nostri
528 2073 710 2117 monumenta
720 2063 818 2131 libeni,

113 2143 134 2190 0
153 2137 224 2189 mihi
240 2153 287 2188 me
305 2134 406 2189 coniux
424 2137 525 2197 carior,
543 2133 604 2201 ipsa
621 2133 705 2187 vides.

69 2207 200 2260 Detrahat
209 2205 319 2259 auctori
332 2205 452 2255 multum
466 2207 587 2254 Fortuna
599 2202 709 2265 licebit3

20 2282 21 2291 ¹
101 2278 145 2327 Tu
155 2284 252 2327 tamen
265 2275 377 2345 ingenio
392 2273 468 2324 clara
480 2272 573 2323 ferere
584 2287 659 2323 meo.

70 2344 197 2415 Dumque
205 2345 292 2414 legar,
311 2359 423 2405 mecum
436 2341 541 2410 pariter
551 2349 601 2391 tua
612 2340 689 2391 fama
698 2339 822 2411 legetur:

21 2458 25 2467 ,
102 2417 163 2467 Nec
175 2422 254 2481 potes
264 2413 294 2463 in
306 2421 426 2464 moestos
440 2409 530 2461 omnis
545 2409 622 2460 abire
637 2424 730 2479 rogos.

72 2482 257 2553 Cumqueviri
270 2498 335 2533 casu
350 2480 436 2549 possis
448 2478 606 2531 miseranda
620 2478 720 2540 videri3

104 2551 228 2603 invenies
240 2550 355 2620 aliquas,
373 2565 452 2618 quae,
472 2548 547 2618 quod
560 2565 596 2613 es,
615 2564 672 2599 esse
684 2547 786 2599 velint:
866 2570 872 2605 ς

73 2623 147 2687 Quae
164 2630 202 2685 te,
218 2628 381 2671 nostrorum
396 2636 461 2671 cum
474 2618 509 2668 sis
523 2618 552 2668 in
565 2626 645 2685 parte
658 2616 806 2683 malorum,

104 2689 226 2745 Felicem
239 2687 343 2750 dicant,
362 2687 558 2756 invideantque
569 2686 640 2739 tibi·

72 2759 133 2812 Non
147 2775 162 2811 e
183 2775 199 2810 o
213 2757 319 2809 divitius
333 2757 423 2808 dendo
434 2757 485 2808 tibi
496 2757 579 2825 plura
595 2755 741 2809 dedissem.

105 2827 151 2880 Nil
161 2776 236 2879 ieret
246 2827 281 2877 ed
296 2843 392 2879 menes
407 2826 500 2876 divitis
511 2826 611 2876 umbra
624 2841 696 2876 suos.
805 2826 808 2831 ⁴

72 2895 199 2966 Perpetui
212 2892 336 2948 fructum
350 2895 451 2947 donavi
464 2894 597 2946 nominis:
614 2892 699 2960 idque

108 2968 167 3029 Quo
180 2966 246 3017 dere
260 2962 300 3015 nil
312 2965 391 3035 potui
405 2980 520 3014 munere
534 2961 633 3024 maius,
650 2961 746 3012 habes.

73 3030 158 3100 Adde,
176 3033 261 3104 quod,
279 3041 312 3084 ut
328 3050 424 3089 rerum
435 3031 493 3084 sola
506 3048 534 3083 es
547 3029 636 3082 tutela
651 3044 790 3095 mearum,

106 3103 147 3154 nd
156 3111 184 3156 te
201 3120 258 3154 non
270 3103 347 3170 parvi
359 3102 435 3153 venit
448 3100 563 3151 honoris
575 3115 659 3151 onus:

75 3172 153 3237 Quod
168 3190 225 3229 nun
266 3189 311 3223 am
323 3188 376 3222 vox
393 3179 432 3221 est
448 3170 482 3221 de
495 3178 524 3221 te
539 3185 604 3220 mea
617 3176 704 3234 muta,
720 3165 819 3238 tuique

107 3239 214 3294 indiciis
246 3240 311 3293 ebes
324 3257 382 3292 asse
395 3238 518 3306 superbe⁸
528 3236 590 3290 viri.
802 3234 804 3239 ’

20 3354 21 3361 ,
77 3309 197 3373 Quaene
212 3309 274 3379 quis
282 3309 375 3379 possit
387 3308 537 3359 temeraria
548 3306 653 3371 dicere,
670 3315 779 3375 persta:

110 3379 143 3430 Et
154 3378 259 3448 pariter
270 3390 350 3431 serva
363 3393 465 3448 meque
477 3377 609 3447 piamque
621 3374 718 3430 fidem.
736 3382 738 3387 ’

118 3470 190 3510 cvm.
200 3457 252 3510 ΠΙ.
