2334 3842
147 225 210 288 114
361 256 378 267 .·
416 222 449 278 r.
470 221 629 276 0v1o11
652 206 848 273 uisurus·

214 356 300 432 Adde,
318 367 393 440 quo'd
405 364 539 427 initietuui
548 363 650 434 rigido
659 363 705 417 ius
717 361 823 421 dieitur
836 377 916 415 ense:

249 442 358 499 Dantur
373 450 401 490 et
413 438 443 489 in
455 435 549 488 medio
564 433 682 485 vulnere
694 448 777 501 saepe
790 432 864 484 foro.

164 511 198 572 45
217 509 351 561 Odurem
361 505 504 568 Lachesin,
522 520 596 574 quae
611 512 672 557 tam
684 517 767 572 grove
781 500 855 553 sidu
870 498 988 554 habenti

248 578 309 633 Fila
327 576 406 629 dedit
415 575 488 625 vitae
500 589 558 625 uon
571 572 703 624 breviora
715 572 813 623 meae!
840 588 842 597 ⁴

216 647 298 713 Quod
312 644 420 716 patriae
430 643 519 707 vultu,
534 651 682 711 vestroque
695 654 831 703 caremus,
850 639 944 705 amici,

249 716 385 785 Quodque
398 712 444 764 hic
459 712 489 764 in
504 710 645 781 Scythicis
653 709 754 761 finibus
769 724 828 761 esse
840 720 960 776 queror3

143 816 145 823 ν
215 789 338 854 Utraque
354 798 443 852 poene
493 781 566 843 avis3
581 779 674 832 merui
685 788 782 831 tamen
796 777 872 831 Urbe
889 794 1005 841 osme3

165 860 199 913 50
250 857 313 906 Non
324 851 414 904 merui
428 849 610 902 taiforeitan
622 865 681 900 esse
694 848 768 900 looo.
799 904 801 907 ,

171 964 174 969 .
215 922 290 988 Quid
299 922 401 990 loquor
412 920 448 971 eh
458 919 596 972 demens?
613 918 704 986 ipsam
724 933 837 986 qtaoque
853 914 971 985 perdere
987 916 1077 969 vitem

249 990 374 1044 Caesaris
390 989 497 1043 offenso
514 989 630 1040 numine
642 987 742 1058 diguus
755 1002 842 1041 uem.

420 1188 824 1258 ELEGIAXI.

217 1279 317 1388 Quod
330 1338 361 1383 te·
372 1329 467 1397 neseio
482 1326 543 1398 quis
556 1343 608 1395 per
618 1324 709 1396 iurgia
725 1324 824 1381 dixerit
838 1341 897 1379 esse

180 1442 183 1457 .
249 1400 354 1453 Exsulis
366 1414 491 1464 uxorem,
508 1396 604 1449 littera
617 1404 714 1465 queste
728 1403 777 1447 tue
792 1403 841 1448 est.

215 1469 339 1533 Indolui3
356 1475 487 1523 nontam
498 1483 563 1518 mee
577 1465 654 1534 quod
666 1464 781 1517 fertum
793 1464 867 1517 mele
882 1463 969 1530 audit,

184 1592 189 1599 ,
249 1539 303 1603 Qui
316 1538 373 1590 iam
391 1535 522 1588 consuevi
538 1535 654 1587 fortiter
667 1550 726 1586 esse
741 1533 840 1596 miser-3

123 1662 129 1668 ,
182 1609 199 1663 5
216 1611 306 1674 Quam
320 1604 393 1677 quie,
411 1606 457 1659 oui
469 1603 586 1657 minime
599 1603 709 1663 vellem,
725 1602 779 1654 sim
792 1620 875 1656 ceusu
889 1601 1020 1673 pudoris3
1036 1640 1040 1649 .

247 1680 341 1746 Teque
353 1692 418 1728 reor
430 1675 532 1726 nostris
547 1673 690 1726 erubuisse
702 1671 793 1726 melis.
1015 1692 1017 1697 ·

215 1745 321 1809 Perfer,
339 1752 369 1796 et
381 1742 504 1797 obdura:
522 1742 613 1794 multo
628 1741 758 1811 graviora
769 1739 867 1809 tulisti,

251 1817 320 1866 Cum
333 1829 378 1864 me
391 1811 525 1879 surripuit
532 1810 671 1879 ‘Principis
684 1809 728 1862 iro
738 1809 798 1862 tibi.
872 1866 877 1875 ,

215 1883 332 1937 Fallitur
345 1881 397 1933 iste
410 1890 524 1946 tamen,
535 1897 593 1950 quo
605 1879 698 1932 iudice
709 1879 842 1931 nominor
854 1880 939 1934 extitl.

135 1952 142 1967 ‘
167 1954 200 2008 10
249 1951 363 2003 Mollior
376 1959 418 2002 est
430 1949 542 2017 culpem
557 1964 648 2018 poene
661 1958 756 2001 secute
768 1960 878 2003 meam:

216 2021 336 2075 Maxime
349 2035 440 2089 poene
451 2018 521 2071 mihi
536 2028 586 2085 est,
603 2019 696 2087 ipsum
710 2017 872 2073 offendisset
891 2019 1023 2089 priusque

251 2089 378 2142 Venisset
394 2088 511 2159 mallem
525 2087 633 2140 funeris
647 2087 719 2140 hora
735 2086 814 2143 mihi.
959 2126 961 2131 s

219 2164 323 2225 Quessa
333 2165 429 2210 temen
439 2166 536 2210 nostru
551 2165 602 2223 est,
619 2174 677 2208 nou
693 2157 793 2222 fracta,
810 2174 865 2210 neo
880 2157 981 2210 obruta
993 2155 1103 2226 puppis:

251 2233 341 2298 thue
358 2235 543 2296 caretportu;
561 2227 601 2278 sio
612 2234 707 2278 tamen
719 2234 807 2277 exstat
820 2227 910 2295 equis.

166 2301 200 2358 15
216 2301 276 2354 Nee
288 2298 383 2361 vitam,
401 2312 455 2348 neo
471 2313 547 2365 opes,
564 2310 619 2346 nec
632 2294 676 2346 ius
688 2294 759 2347 mihi
770 2295 837 2347 ciris
851 2294 974 2359 ademit3

249 2371 327 2432 Quae
338 2366 431 2419 merui
441 2365 507 2416 vitio
521 2364 641 2434 perdere
653 2372 756 2416 cuncte
769 2380 842 2417 meo.
871 2397 876 2405 ·

215 2437 270 2489 Sed
287 2435 353 2506 quio
367 2442 484 2505 peooeto
499 2434 610 2487 facinus
623 2432 778 2484 nonedfuit
791 2433 845 2500 illi,

249 2504 296 2558 Nil
305 2505 358 2557 nisi
370 2518 417 2556 me
429 2503 524 2573 patriis
538 2502 620 2554 iussit
634 2503 732 2555 abesse
746 2502 827 2554 focis.

216 2577 308 2644 thue
324 2572 395 2639 eliis,
413 2589 565 2625 numerum
580 2589 703 2641 quorum
717 2588 781 2624 com
801 2569 919 2624 rendere
932 2586 988 2623 uon
1000 2578 1048 2633 eet,
1080 2618 1083 2625 .

164 2644 201 2696 20
251 2647 418 2696 Caesareum
431 2658 545 2708 numen,
563 2641 605 2692 sio
615 2640 687 2692 mihi
699 2641 768 2709 mite
815 2641 843 2695 't
860 2668 862 2675 >
931 2676 934 2683 »

216 2716 276 2784 Ipse
290 2712 416 2783 relegati,
433 2728 491 2764 nou
504 2710 612 2773 exsulis,
629 2711 718 2762 utitur
732 2710 762 2761 iu
774 2727 821 2763 me
890 2710 892 2715 ’
915 2754 919 2759 .

251 2782 385 2835 Nomine:
404 2789 465 2832 tute
477 2798 526 2832 suo
539 2779 633 2832 iudice
645 2784 806 2833 ceusa'mee
822 2786 872 2831 est.

163 2896 169 2903 ,
216 2854 280 2905 Iure
292 2852 377 2922 igitur
390 2849 496 2915 laudes,
515 2851 623 2915 Caesar,
640 2866 693 2928 pro
709 2858 790 2917 perte
804 2846 890 2900 virili

252 2921 380 2972 Carmina
390 2927 488 2971 nostre
501 2927 563 2970 tuus
599 2916 784 2998 uuheounque
797 2923 911 2971 canunt.

165 2986 199 3042 25
217 2992 279 3041 Iure
294 2988 372 3055 deos,
385 2987 522 3040 utedhuc
534 2936 607 3040 coeli
619 2986 782 3039 tibilimme
794 2980 937 3050 claudant,

250 3061 345 3127 Teque
359 3057 446 3109 velint
464 3056 524 3108 siue
537 3072 575 3119 se,
595 3072 771 3124 comprecor,
790 3072 848 3107 esse
863 3053 956 3106 deum.

218 3130 303 3194 Optat
313 3125 390 3178 idem
400 3127 527 3193 populus.
562 3124 617 3177 Sed
634 3124 710 3177 utin
722 3141 802 3178 mare
816 3123 938 3175 flumina
947 3129 1058 3181 sermm,

252 3195 297 3245 Sic
311 3192 383 3244 solet
395 3193 511 3261 exiguae
525 3210 640 3246 currere
653 3193 728 3245 rivus
743 3210 843 3262 oquae.
874 3220 876 3225 ⁴

218 3265 254 3313 At
266 3269 298 3311 tu
311 3259 468 3326 fortunam,
484 3262 562 3315 eidus
576 3279 664 3315 vocor
678 3263 755 3314 exsul
766 3263 802 3315 eb
818 3278 878 3327 ore,

167 3327 205 3383 80
253 3326 372 3399 Nomiqe
389 3329 520 3385 mendaci
535 3348 622 3403 pareo
639 3348 757 3401 gravere
774 3347 893 3401 meatu*
