2334 3842
228 264 461 323 Tuls'rluut
488 264 574 320 mn.
593 266 618 321 1.
650 266 707 327 nt.
729 268 776 328 tv.
792 269 826 326 V.

101 411 241 483 increpuit
256 410 368 483 qiunuis
382 408 488 469 viribus
507 410 584 463 unda
603 410 693 467 lutus!

68 482 179 547 Parcite,
204 481 337 545 caerulei,
353 497 403 532 uos
416 479 533 549 parcite,
550 482 667 535 numina
682 485 780 554 ponti3

101 551 289 622 Insertamque
303 548 422 602 minim
433 548 498 601 satis
513 565 572 603 esse
587 554 690 607 Iovem.

69 620 120 674 Vos
134 619 257 673 animam
272 635 371 672 saevae
383 619 487 671 fessam
498 618 647 674 subducite
658 622 753 675 morti.
785 638 791 651 *

101 689 233 756 Fimodo,
251 690 300 763 qui
314 688 416 760 periit,
444 704 503 741 non
520 688 635 758 periisse
651 699 755 762 potest.

336 963 648 1056 nuncin
695 963 734 1032 v.

73 1063 110 1154 Ο
124 1096 192 1152 mibi
208 1107 275 1170 post
286 1097 361 1153 ullos
375 1116 520 1170 nunquam
535 1097 720 1153 memorande
733 1100 850 1170 sadala,

112 1173 133 1219 0
149 1169 195 1221 cui
217 1169 369 1239 praecipue
381 1185 441 1221 sors
453 1186 519 1221 mea
527 1170 586 1222 uisa
599 1186 649 1223 sua
668 1178 726 1234 est;

72 1238 285 1308 Attonitumqui
298 1255 354 1304 me,
383 1238 509 1304 memini,
527 1239 685 1307 carissime,
701 1237 809 1310 primus
909 1260 911 1275 ¹

101 1311 186 1359 Ausus
199 1324 229 1360 es
242 1307 366 1388 alloquio
384 1307 546 1360 sustinuisse
557 1318 625 1373 tuo;

71 1375 121 1441 Qui
135 1376 208 1429 mihi
215 1375 366 1448 eonsilium
381 1375 491 1429 vivendi
508 1376 578 1430 mita
592 1375 702 1444 dedisti,

102 1447 171 1498 Cum
192 1445 269 1498 foret
286 1445 316 1498 in
333 1446 437 1498 misero
451 1452 567 1515 pectore
578 1445 678 1498 mortis
694 1463 790 1507 amon

70 1514 124 1568 Scis
137 1515 225 1581 hene,
243 1514 290 1567 cui
301 1514 404 1579 dicatu,
421 1515 518 1584 positis
527 1533 580 1586 pro
598 1514 712 1569 nomine
725 1515 827 1589 signin

102 1583 234 1636 officium
248 1600 302 1636 nec
314 1593 344 1637 te
357 1583 442 1650 fallit,
469 1586 575 1649 amice,
600 1594 692 1639 tuum.

70 1653 142 1706 Haec
156 1652 225 1705 mihi
241 1669 352 1723 semper
367 1661 449 1706 erunt
462 1653 526 1707 imis
544 1654 630 1707 infusa
647 1652 795 1721 medullis3

100 1724 306 1792 Perpetuaeque
322 1722 432 1776 animae
448 1722 559 1776 debitor
568 1723 652 1777 'huius
666 1738 724 1776 ero.

70 1791 182 1860 Spiritus
196 1799 224 1843 et
236 1808 339 1844 ramses
352 1794 430 1861 prius
443 1791 490 1845 hic
501 1792 658 1846 tenuandus
677 1793 707 1851 iu
720 1807 803 1847 auras

102 1860 163 1926 tuit,
181 1868 209 1912 et
224 1860 254 1912 iu
271 1860 365 1930 tepido
377 1861 486 1914 deseret
504 1879 602 1915 ossaro
624 1878 657 1926 ος

28 1942 31 1948 ·
72 1930 157 1993 Quam
168 1929 286 1982 subeant
298 1929 392 1983 auimo
403 1931 570 1984 meritorum
592 1880 695 1984 oblivia
704 1939 818 1986 nostro:

101 2001 133 2051 Et
147 1998 232 2079 longa
241 1998 329 2068 pietas
342 1998 451 2052 excidat
463 2000 517 2052 ista
535 1999 591 2054 die.

70 2066 102 2119 nt
118 2066 171 2121 tibi
183 2077 239 2120 smt
253 2067 362 2136 faciles,
379 2077 408 2122 et
421 2069 481 2138 opis
501 2069 604 2122 nullius
617 2077 749 2141 egentem

101 2139 253 2190 Fortunam
265 2146 418 2207 praestent,
444 2137 663 2208 dissimilemque
680 2153 772 2192 meae·

72 2204 97 2259 ai
107 2215 203 2259 tamen
224 2205 294 2260 baec
307 2206 385 2259 uasis
397 2215 480 2259 vento
493 2207 618 2260 ferretur
631 2206 739 2275 amico;
764 2236 768 2239 ·

100 2278 279 2346 ignoraretur
297 2274 417 2328 forsitan
434 2276 487 2328 ista
503 2276 581 2329 fides.

71 2342 172 2397 Thesea
184 2344 320 2398 Pirithous
334 2363 392 2397 non
402 2354 463 2398 tam
475 2346 604 2398 sensisset
614 2344 750 2414 amicitur,

103 2414 129 2465 si
146 2430 204 2466 non
217 2413 341 2466 infernas
356 2414 433 2468 vivus
445 2413 547 2467 adisset
558 2431 654 2486 aquas.

73 2483 106 2534 Ut
115 2483 193 2536 foret
204 2483 362 2554 exemplum
374 2486 434 2536 veri
444 2484 569 2537 Phoceus
582 2483 698 2552 amoris,

103 2554 239 2605 Fecerunt
250 2552 358 2622 Furiae,
376 2552 462 2605 tristis
474 2560 581 2619 Oresta,
598 2562 674 2617 tuae.

74 2617 99 2671 si
109 2637 166 2673 non
178 2621 314 2692 Euryalus
325 2622 444 2675 Rutulos
454 2622 600 2676 cecidisset
609 2623 640 2677 in
650 2622 762 2691 home

103 2690 270 2771 Hyrtacidae
282 2691 349 2743 Niso
364 2692 455 2764 gloria
469 2692 549 2745 nulla
562 2693 647 2747 foret.

75 2758 181 2812 Scilicet
193 2768 226 2812 ut
235 2760 349 2813 fulsum
365 2770 509 2831 spectatur
527 2761 579 2815 ini
619 2761 682 2814 ibus
700 2772 811 2827 auriam,

103 2829 241 2899 Tempore
253 2829 376 2883 sicrduro
391 2839 433 2884 est
444 2830 581 2900 inspicien
602 2829 709 2884 sudes.

25 2912 26 2919 ¹
74 2893 141 2950 Dum
152 2897 235 2966 iuvat,
254 2907 283 2952 et
296 2898 376 2952 vultu
387 2900 461 2953 ridet
471 2903 595 2953 Fortuna
608 2914 733 2966 sereu03-

103 2966 268 3021 indelibatas
283 2976 387 3021 cuncta
399 2978 554 3050 sequuntur
566 2985 643 3039 opes.

75 3036 107 3101 bt
123 3037 206 3089 simul
221 3038 359 3099 intonuit;
392 3038 518 3110 fugiunt:
540 3056 594 3092 nec
608 3035 735 3091 noscitur
748 3034 811 3107 ulti,

104 3107 263 3176 Agminibus
280 3107 415 3160 comitum
431 3108 479 3178 qui
490 3108 574 3161 modo
590 3108 698 3162 cinctus
711 3115 781 3161 erat.

76 3171 158 3242 Atque
170 3175 242 3229 baec
263 3176 397 3246 exemplis
416 3177 559 3246 quondam
579 3177 700 3231 collecta
711 3174 856 3246 priomnt‘

26 3286 27 3295 ,
105 3243 183 3297 Nunc
197 3245 267 3299 mihi
283 3254 348 3297 sunt
360 3263 411 3315 pro
432 3246 607 3318 riiscognita
619 3261 685 3298 vere
699 3245 789 3301 malit.

76 3306 122 3361 vix
134 3311 188 3367 duo
207 3324 300 3367 tresve
313 3313 385 3368 mibi
403 3264 495 3368 (fetet
506 3316 654 3384 superestis
667 3313 761 3370 amici.

26 3400 27 3403 ¹
108 3380 218 3440 caetera
229 3387 379 3455 Fortunae,
395 3402 454 3440 nau
468 3400 544 3457 mea,
558 3384 643 3440 turba
654 3383 718 3440 brit.
760 3456 762 3461 Χ
