2334 3842
40 175 61 196 ”
100 225 163 289 sn
335 221 338 236 ·
369 229 400 284 n.
424 228 578 284 ov1n11
604 221 794 287 ursonis

168 375 224 425 Ant
235 371 304 434 Iovis
317 372 412 425 infesti
423 372 480 426 telo
492 371 596 425 feriare
608 372 735 441 trisuleo,
866 429 872 440 f

206 445 242 493 Ut
254 452 328 495 satus
346 442 502 512 Hipponoo,
520 442 723 512 Dosithoesque
735 451 823 513 pater.

169 514 207 563 Ut
220 528 301 563 soror
312 515 461 575 Autonoes,
479 520 510 563 ut
522 512 568 563 cui
582 520 735 565 matertera
748 514 820 566 Maia
835 525 892 570 est:

205 584 243 632 Ut
256 589 362 633 temere
376 589 484 647 optatos
499 580 547 650 qui
559 582 634 633 male
646 581 717 633 rexit
732 599 826 652 equos.

100 647 152 705 475
168 652 206 702 Ut
216 650 293 701 ferus
305 649 440 714 Aeolides,
458 657 490 700 ut
501 651 634 720 sanguine
650 658 743 704 cretus
755 652 863 722 eodem,

206 724 267 785 Quo
282 720 374 789 genita
388 726 438 778 est,
455 717 567 787 liquidis
580 737 651 789 quae
664 728 741 772 caret
754 725 851 776 Arctos
865 723 955 793 aquis.

170 792 207 841 Ut
220 787 334 839 Macedo
348 786 451 857 rapidis
463 788 521 840 iota
536 795 579 839 est
592 807 659 841 cum
671 790 790 860 coniuge
802 791 943 861 flammis5

204 856 258 922 Sic,
269 873 378 925 precor,
397 857 513 910 aetherii
524 857 641 910 vindicis
655 858 720 930 igne
734 859 826 911 cadas.

169 925 329 995 Praedaque
341 928 377 978 sis
392 925 455 993 illis,
474 925 574 996 quibus
587 937 616 979 et
628 927 744 980 Latonia
757 928 838 982 Delos

99 994 155 1052 480
204 1000 274 1047 Ante
287 995 362 1048 diem
374 1005 455 1064 rapto
468 1013 526 1047 non
532 996 663 1050 adeunda
675 996 776 1051 Thaso.

170 1064 280 1133 Quique
293 1065 466 1120 verecundae
475 1066 665 1134 speculantem
678 1066 758 1118 labra
774 1066 887 1135 Dianae,

207 1133 315 1203 Quique
331 1134 514 1202 Crotopiaden
529 1135 671 1203 diripuere
684 1135 782 1188 Linon.

169 1202 245 1255 Neve
257 1211 393 1257 venenato
410 1203 497 1256 levius
513 1203 624 1256 feriaris
637 1207 672 1257 ab
689 1221 789 1275 angere,

205 1277 295 1336 Quam
305 1274 377 1326 senis
394 1273 494 1343 Oeagri
503 1272 696 1345 Calliopesque
710 1291 811 1327 nurus:

101 1338 154 1396 485
172 1343 262 1405 Quam
271 1359 344 1424 puer
358 1342 534 1411 Hypsipyles:
553 1359 638 1411 quam
653 1345 700 1414 qui
714 1360 782 1396 cava
794 1341 900 1412 primus
915 1353 1002 1398 acuta

206 1412 322 1480 Cuspide
334 1413 454 1480 suspecti
465 1412 569 1464 rohdra
582 1412 642 1463 fixit
653 1412 726 1483 equi.

170 1479 246 1532 Nera
257 1480 358 1550 gradus
374 1480 456 1533 adeas
468 1480 605 1549 Elpenore
620 1483 727 1534 cautius
740 1481 826 1536 altos:

205 1548 324 1620 Vimque
339 1550 412 1602 feras
423 1550 490 1616 vini,
509 1568 564 1619 quo
577 1550 642 1604 tulit
654 1552 702 1604 ille
716 1551 811 1604 modo.

164 1618 297 1699 'Tamque
305 1620 387 1672 cadas
399 1618 529 1685 domitus,
543 1627 629 1690 quam
641 1620 763 1690 quisquis
775 1619 811 1672 ad
818 1636 899 1675 arma
910 1631 1071 1679 vetantem

102 1686 155 1744 490
206 1690 277 1738 Iuvit
289 1688 472 1741 inhumanum
484 1689 689 1741 Thiodamanta
702 1692 824 1759 Dryops:

172 1758 262 1821 Quam
277 1757 353 1809 ferus
365 1758 425 1827 ipse
437 1775 486 1809 suo
499 1758 581 1826 periit
595 1767 734 1811 mactatus
746 1760 775 1810 in
793 1766 877 1813 antro

205 1826 332 1877 Proditus
347 1826 469 1879 inclusae
483 1829 568 1879 Cacus
584 1828 620 1879 ab
638 1845 686 1879 ore
698 1828 791 1880 bovis:

172 1896 262 1958 Quam
277 1895 324 1974 qui
340 1894 413 1946 dona
423 1894 489 1946 tulit
501 1898 625 1948 Lernaeo
640 1897 729 1948 tincta
747 1912 864 1967 veneno,

206 1965 396 2033 Euboicasque
411 1982 461 2017 suo
474 1965 607 2036 sanguine
620 1965 703 2017 tinxit
716 1982 811 2036 aquas.

102 2030 154 2088 495
170 2032 222 2087 Vel
242 2033 276 2085 de
290 2033 436 2102 praecipiti
452 2034 544 2086 venias
558 2035 589 2090 in
603 2038 720 2088 Tartara
734 2052 810 2104 saxo,

206 2106 243 2155 Ut
258 2102 305 2183 qui
318 2103 492 2156 Socraticum
506 2103 540 2156 de
550 2120 621 2156 nece
633 2105 703 2175 legit
716 2121 794 2173 opus.

173 2174 210 2225 Ut
224 2189 271 2241 qur
286 2171 407 2225 Theseae
417 2172 532 2225 fallacia
548 2173 612 2225 vela
626 2175 738 2225 carinae

140 2255 146 2262 ’
206 2240 295 2295 Vidit:
312 2250 344 2293 ut
356 2241 441 2294 Iliaca
454 2243 554 2294 missus
567 2244 603 2294 ah
623 2260 688 2295 arce
702 2257 782 2313 puer.

171 2311 210 2362 Ut
224 2310 315 2363 teneri
326 2311 428 2378 nutrix,
446 2312 719 2377 eadem'matertera,
736 2311 854 2376 Bacchi;

102 2378 155 2434 500
206 2383 243 2431 Ut
255 2379 300 2431 cui
315 2397 398 2432 causa
409 2381 485 2433 necis
499 2397 577 2432 serra
589 2390 702 2449 reperta
713 2381 775 2432 fuit.

170 2448 258 2517 Lydia
269 2465 297 2500 se
309 2449 431 2518 seopulis
444 2460 477 2501 ut
485 2443 564 2520 virgo
578 2451 654 2502 misit
666 2451 701 2502 ab
716 2449 788 2516 altis,

205 2518 318 2570 Dixerat
331 2518 417 2572 invito
431 2519 505 2587 'quae
522 2519 598 2570 mala
609 2520 696 2571 verba
718 2519 780 2572 deo.

171 2589 239 2640 Feta
251 2587 303 2639 tibi
316 2597 447 2639 occurrat
457 2587 547 2657 patrio
560 2588 703 2657 popularis
717 2588 746 2639 in
762 2604 839 2656 arro,
882 2625 884 2632 a

207 2656 302 2726 Sitque
316 2655 479 2725 Phaylleeae
496 2673 579 2708 causa
592 2657 690 2709 leaena
703 2658 788 2711 necis.

102 2726 154 2785 506
172 2726 281 2796 Quique
296 2723 471 2795 Lycurgiden
482 2725 588 2793 letavit,
606 2734 636 2779 et
648 2726 749 2778 arbore
762 2734 870 2793 numm,

205 2795 376 2864 Idmonaque
387 2795 531 2860 audacem,
549 2804 579 2847 te
593 2813 649 2864 quo
691 2803 830 2864 erumpat
842 2810 921 2865 aper·

171 2867 253 2935 Isque
263 2864 308 2915 vel
323 2863 454 2916 exanimis
465 2863 551 2916 faciat
562 2865 614 2916 tibi
673 2881 739 2917 nus:
756 2863 850 2931 utilli,

207 2936 261 2984 Ora
273 2950 356 3002 super
369 2933 416 2985 fixi
428 2950 512 3003 quem
522 2933 650 2986 cecidere
663 2934 726 2987 suis.

172 3001 235 3055 Sive
246 3001 321 3054 idem
337 3002 421 3053 simili
432 3002 513 3071 pinus
528 3020 613 3072 quem
628 3011 720 3055 morte
732 3000 868 3072 peremitr
890 3023 893 3027 ³

103 3072 156 3129 510
206 3069 295 3138 Phryx
310 3078 340 3136 et·
349 3079 466 3123 venator
477 3071 514 3123 sis
525 3071 745 3140 Berecyntiades.

64 3161 68 3168 ·
172 3139 201 3192 Si
214 3148 262 3190 tua
277 3139 425 3208 contigerit
437 3141 543 3192 Minoas
554 3141 653 3211 puppis
666 3155 776 3207 arenas3

205 3209 245 3259 Te
257 3208 444 3274 Corcyraeum
455 3211 560 3261 Cressia
572 3211 656 3262 turba
667 3218 754 3281 putet.
819 3219 821 3224 '
849 3221 853 3228 ’

157 3334 160 3338 ,
171 3277 380 3344 Lapsuramque
390 3275 505 3329 domum
516 3279 624 3344 subeas,
640 3289 672 3331 ut
684 3277 793 3351 sanguis
806 3276 922 3333 hlerae:

206 3343 495 3413 StellaLeoprepidae
506 3363 573 3400 curn
586 3349 644 3404 luit
657 3365 746 3420 aequa
756 3348 825 3401 siro.
