2334 3842
178 248 209 305 r.
223 248 341 305 ovum
359 250 471 307 ausu
490 251 541 306 ax
560 250 691 307 rouro
709 250 780 309 tra.
795 252 819 306 1.
832 253 886 307 aa.
901 253 924 306 1.
946 215 1046 341 'aar

80 398 135 450 Nec
146 411 191 449 me
203 396 361 450 nominibus
375 396 498 450 funerus
513 398 629 452 confero
643 396 737 454 tantis.

111 470 194 518 Saeva
204 467 270 518 deos
286 476 386 521 contra
399 475 562 520 nontamen
576 485 656 519 arma
668 469 728 523 tuli.

78 537 197 604 Denique
207 538 351 600 Caesarea,
371 536 446 604 quod
458 554 514 589 non
532 537 670 589 desiderat
680 536 751 605 ipse,
794 562 796 571 i

109 607 168 656 Non
182 613 260 656 caret
276 622 291 656 e
306 606 407 656 uostris
418 606 490 657 ullus
503 607 610 657 h'onore
623 606 702 657 liber.

78 672 103 723 Si
115 673 222 725 dubitas
235 674 270 726 de
285 688 346 737 me;
364 674 460 726 laudes
473 675 591 726 admitte
604 675 735 727 deorum:

108 744 140 793 Et
151 749 264 794 carmen
280 743 373 795 demto
388 744 502 797 nomine
516 761 594 795 sume
609 760 714 797 meum.

76 809 189 863 Adiuvat
199 814 230 867 in
241 811 316 864 hello
332 821 448 880 pacatae
458 830 554 865 ramus
567 811 669 864 olivae:

106 877 230 933 Proderit
242 891 389 933 auctorem
401 882 476 950 pacis
487 883 592 934 habere
604 882 694 932 nihil?

76 948 140 1001 Cum
152 951 229 1002 foret
239 955 348 1002 Aeneae
364 951 455 1003 cervix
468 951 592 1011 subiecta
604 951 722 1018 parenti,

105 1019 211 1071 Dicitur
224 1018 285 1087 ipsa
296 1021 355 1072 viro
370 1021 487 1072 flamma
500 1021 608 1072 dedisse
619 1020 701 1074 viam.

74 1088 134 1138 Fert
142 1087 216 1140 liber
225 1089 385 1141 Aeneaden:
405 1098 432 1140 et
442 1105 499 1141 non
512 1090 568 1141 iter
580 1105 665 1141 omne
679 1088 805 1156 patebit?

104 1160 137 1208 At
147 1158 252 1229 patriae
264 1168 344 1226 pater
356 1157 411 1224 hic,
428 1158 513 1225 ipsius
525 1158 573 1209 ille
584 1158 647 1210 fuit.

35 1246 37 1285 ρ
73 1225 152 1294 Ecqui
165 1226 204 1278 ita
221 1236 262 1278 est
273 1227 371 1291 audax,
388 1236 420 1278 ut
430 1226 526 1279 limine
538 1236 622 1297 cogat
636 1226 723 1288 abirev

35 1288 37 1355 l
102 1297 253 1348 lactantem
265 1296 365 1348 Pharia
376 1295 484 1348 tinnula
495 1297 576 1349 sistra
589 1296 696 1348 manu?

73 1365 136 1415 Ante
150 1364 232 1417 deum
244 1367 364 1417 Matrem
379 1382 467 1416 cornu
477 1365 581 1417 tibicen
594 1365 703 1416 adunco

35 1462 36 1489 2
103 1434 168 1485 Cum
181 1433 269 1498 canit3
289 1434 404 1504 exiguae
419 1433 480 1503 quis
495 1434 570 1502 stipis
586 1451 650 1486 aera
662 1431 765 1502 neget?

72 1500 169 1553 Scimus
180 1503 215 1555 ab
228 1504 345 1572 imperio
359 1504 424 1556 fieri·
432 1503 472 1554 nil
482 1503 538 1554 tale
549 1503 668 1554 Dianae:

35 1542 37 1627 l
102 1571 176 1624 Unde
189 1582 283 1624 tamen
295 1573 369 1625 vivat
381 1572 546 1624 vaticinator
558 1573 653 1624 habet.

71 1640 125 1706 Ipsa
135 1650 248 1693 movent
263 1643 370 1694 animos
381 1646 550 1710 Superorum
559 1643 677 1692 numina
688 1649 815 1704 nostros3
904 1701 907 1707 Ι

99 1710 191 1778 Turpe
201 1727 255 1763 nec
269 1720 311 1762 est
323 1712 373 1763 tali
385 1711 549 1763 credulitate
562 1711 634 1779 capi.

68 1777 102 1827 En
116 1796 166 1849 ego
178 1795 231 1847 pro
244 1781 334 1846 sistro,
351 1779 517 1851 Phrygiique
531 1780 671 1832 foramine
683 1779 759 1843 huri,

99 1848 189 1899 Gentis
201 1849 603 1902 liileaenonrinasanctafero.
723 1888 727 1893 .

69 1914 200 1969 vaticinor
210 1935 384 1988 moneoque3
402 1919 498 1977 locum
513 1918 576 1970 date
589 1936 669 1970 sacra
680 1917 797 1970 ferenti:

91 1987 154 2038 Non
167 1986 249 2053 mihi²
263 1988 312 2040 aed
326 2005 427 2058 magno
438 1990 563 2056 poscitur
576 1987 624 2039 ille
639 1989 700 2040 deo.

68 2051 127 2118 Nec,
145 2057 210 2125 quia
222 2056 268 2108 vel
283 2058 383 2121 merui,
401 2056 445 2108 vel
460 2057 531 2107 sensi
544 2056 679 2124 Principia
689 2057 771 2119 iram,

96 2126 205 2177 Anobis
219 2127 310 2194 ipsum
325 2124 401 2179 nolle
413 2134 508 2192 putate
518 2125 586 2179 coli.
660 2157 662 2162 ·

69 2191 122 2244 Vidi
133 2210 184 2263 ego
193 2195 329 2265 linigerae
339 2209 442 2246 numen
456 2194 571 2246 violasse
584 2193 722 2245 fatentem

96 2261 167 2314 Isidis
179 2263 280 2316 Isiacos
292 2273 354 2316 ante
365 2263 461 2315 sedere
472 2263 560 2315 focos.

68 2327 135 2382 Alter
146 2333 180 2384 ob
194 2332 259 2384 huic
274 2333 394 2386 similem
405 2331 529 2400 privatus
542 2329 650 2383 lumine
662 2330 782 2398 culpam,

96 2399 232 2455 Clamabat
246 2403 338 2454 media
353 2419 382 2454 se
394 2401 527 2453 meruisse
539 2401 594 2453 via.

67 2464 135 2521 Talia
145 2472 276 2523 coelestes
288 2472 350 2523 fieri
365 2470 515 2539 praeconia
528 2470 665 2540 gaudent3

35 2576 36 2591 t
94 2540 135 2604 Ut,
150 2557 199 2592 sua
213 2541 280 2610 quid
291 2541 403 2593 valeant
417 2540 540 2604 numine,
558 2549 630 2592 teste
640 2539 770 2607 probent.

36 2628 37 2631 ¹
67 2604 142 2674 Saepe
152 2608 246 2661 levant
257 2627 368 2677 poenas,
386 2617 537 2678 ereptaque
550 2608 657 2660 lumina
669 2608 798 2671 reddunt,

94 2676 156 2729 Cum
166 2679 239 2731 hene
249 2680 359 2758 peccati
369 2678 534 2747 poenituisse
546 2678 648 2730 vident.

66 2738 179 2798 Paenitet
189 2765 215 2813 o,
234 2765 256 2798 s1
272 2747 338 2814 quid
353 2748 520 2798 miserorum
537 2747 660 2798 creditur
673 2746 732 2812 ulli,

92 2813 220 2881 Paenitet,
238 2825 266 2868 et
276 2817 352 2869 facto
364 2825 500 2896 torqueor
510 2815 570 2884 ipse
582 2818 660 2866 mee!

67 2876 175 2952 Cumque
187 2886 222 2937 sit
238 2885 375 2950 exsilium‚'
388 2902 476 2954 magis
488 2893 528 2935 est
541 2884 610 2935 mihi
622 2883 705 2950 culpa
719 2879 825 2932 dolori:

95 2950 133 3002 list
171 2955 380 3024 epatipoenas,
398 2958 485 3022 quani
493 2953 634 3015 meruisse,
651 2952 751 3006 minus.

66 3014 95 3066 Ut
105 2971 169 3074 milii
184 3025 213 3076 dr
224 3024 347 3087 faveant,
364 3023 465 3094 quibus
476 3031 517 3074 est
531 3020 706 3073 manifestior
718 3020 791 3088 ipse3

92 3086 176 3144 Poena
191 3101 283 3160 potest
296 3093 379 3153 demi,
398 3092 479 3161 culpa
495 3090 623 3159 perennis
636 3090 697 3140 erit.

65 3151 127 3208 Mors
137 3161 222 3214 faciet
235 3171 320 3227 certe,
336 3179 372 3213 ne
385 3162 446 3225 sim,
465 3176 529 3212 cum
542 3158 657 3214 venerit,
674 3157 765 3208 exsul!

88 3226 128 3300 ¹Ne
137 3248 192 3282 non
203 3232 352 3298 peccarim,
369 3246 446 3282 mora
459 3244 569 3307 quoque
579 3245 636 3278 non
649 3225 743 3279 faciet.

65 3288 102 3342 ΝΠ
111 3295 191 3367 igitur
205 3300 318 3365 mirum,
335 3300 358 3350 si
371 3315 449 3350 mens
463 3297 533 3348 mihi
546 3296 639 3365 tabida
653 3295 728 3347 facta

93 3363 126 3417 lle
135 3369 196 3427 nive
209 3369 348 3423 manantis
359 3382 438 3421 more
451 3365 581 3437 liquescit
593 3381 692 3437 aquae.

994 399 1029 452 25
