2334 3842
131 198 292 312 3.·‘,·0·,{·I,:
310 206 357 285 ·{':
374 204 412 282 ³3
425 196 633 301 iioirmr
653 246 858 315 nisurus

158 394 210 454 465
228 396 290 448 Heu
301 394 350 448 ubi
364 391 529 464 Mars'pater
544 393 604 445 est?
622 392 646 444 si
659 409 709 447 vos
720 391 807 445 modo
821 407 889 446 vera
898 392 1003 461 locuti3

105 470 113 489 “
262 465 410 533 uberaque
425 462 554 531 expositis
565 462 614 513 ille
627 461 718 514 ferina
730 462 814 518 dedit.

229 535 321 597 Quem
336 533 403 601 lupa
415 531 543 595 servavit,
560 548 658 583 manus
672 530 747 582 hunc
759 531 911 585 temeraria
922 533 989 587 civis

261 601 392 655 Perdidit.
410 605 438 652 0.
451 608 554 670 quanto
568 600 665 652 mitior
673 598 725 651 illa
742 599 810 652 fuit!

227 674 313 724 Saeve
328 670 416 734 Celer,
434 669 579 721 crudelem
592 669 715 722 unimam
727 685 780 738 per
793 669 913 722 vulnero
925 669 1037 723 reddas:

117 790 122 799 .
159 740 213 798 470
264 744 355 820 thue
369 755 431 808 ego,
452 739 503 790 sub
516 747 607 790 terras
620 737 849 808 sanguinolentus
863 756 919 793 ees.

228 809 327 863 Nolu1t
340 808 395 860 hoc
406 808 504 860 frater.
520 808 611 859 Pietas
623 806 747 877 aequalis
759 806 788 858 in
801 806 852 859 illo
862 816 912 861 est.

264 875 346 940 Quod
358 876 457 946 potuit,
475 876 649 928 lacrimaris
661 893 725 928 mea
739 876 799 928 fata
811 876 896 930 dedit.

229 949 365 1001 Huucvos
382 962 432 1014 per
444 945 585 1012 lacrimas,
598 954 753 1015 pervenre
765 945 899 998 alimenta
915 953 1021 1016 rogate,

197 1059 199 1063 ,
263 1019 302 1067 Ut
314 1014 454 1068 celebrem
465 1014 537 1066 festo
550 1016 641 1085 signet
651 1013 760 1066 honore
772 1014 854 1070 diem.

160 1084 212 1144 475
228 1084 408 1138 Mandantem
420 1083 552 1152 amplecti
568 1084 692 1152 cupiunt,
710 1092 738 1135 et
749 1082 866 1135 brachie
877 1083 1003 1136 tendunt.

264 1153 385 1206 Lubrica
416 1161 558 1204 rensantes
574 1152 674 1223 effugit
686 1153 789 1213 umbra
803 1168 912 1206 munus.
1020 1172 1024 1177 ·

228 1226 268 1277 Ut
281 1170 414 1275 secumi
632 1280 638 1293 x

262 1291 305 1345 nd
316 1308 415 1361 regem
426 1307 509 1343 voces
520 1291 617 1343 fratris
632 1299 752 1360 uterque
766 1290 873 1345 ferunt.

228 1359 364 1415 Romulus
377 1360 548 1429 obsequitur,
566 1360 717 1428 lucemque
731 1359 863 1413 Remuria
875 1357 945 1411 dixit

159 1430 214 1488 480
266 1429 355 1497 Illam,
374 1445 429 1498 qua
441 1428 538 1496 positis
548 1429 622 1480 iusta
635 1427 765 1481 feruntur
778 1429 844 1484 avis.
936 1433 938 1437 ’

227 1504 331 1569 Aspera
342 1506 450 1550 mutate
464 1506 505 1549 est
516 1499 547 1548 in
560 1497 654 1549 lenem
665 1505 796 1565 tempore
811 1498 897 1570 longo

212 1634 216 1641 ἢ
264 1569 377 1631 Littera,
395 1583 467 1637 quus
480 1574 542 1618 toto
556 1566 671 1617 nomine
676 1566 776 1686 dprimu
789 1566 851 1619 fuit.

230 1639 294 1690 Mox
310 1636 395 1690 etiam
407 1639 539 1687 Lemures
555 1635 662 1686 animas
696 1635 769 1688 ‘xere
780 1635 922 1688 silentum.

242 1711 245 1715 '
265 1704 383 1763 Isrerbi
394 1718 499 1766 sensus,
516 1703 557 1754 vis
573 1719 606 1754 ea
619 1703 694 1755 vocis
716 1711 783 1759 eret.

161 1774 214 1832 485
230 1777 306 1828 Faus
320 1782 415 1825 tamen
426 1780 534 1824 veteres
544 1770 598 1823 illis
613 1771 738 1825 clausere
753 1771 863 1836 diebus3

266 1846 302 1894 Ut
319 1859 396 1893 nunc
410 1837 494 1893 ferali
504 1849 632 1909 tempore
648 1850 747 1910 operta
760 1840 844 1894 vides.

175 1956 177 1960 Α
228 1913 288 1966 Nec
300 1910 400 1965 viduae
415 1909 504 1962 taedis
516 1909 627 1976 eadem,
645 1927 699 1962 nec
713 1909 826 1981 virginis
840 1917 908 1978 apta
1143 1950 1144 1979 ,

265 1982 413 2048 Tempora.
439 1983 515 2042 Quae
528 1979 630 2047 nupsit,
647 1995 705 2030 non
721 1977 851 2031 diuturna
864 1978 928 2033 fuit.
1142 1982 1144 2051 l

230 2051 291 2103 Hac
307 2065 419 2119 quoque
432 2048 467 2101 de
481 2065 572 2111 causa,
590 2048 613 2099 si
626 2057 655 2099 te
668 2048 818 2116 proverbia
829 2055 957 2118 tangunt,

162 2117 217 2179 490
269 2121 363 2171 Mense
375 2117 463 2170 malas
475 2117 548 2169 Maio
561 2117 669 2168 nubere
683 2116 782 2186 vulgus
800 2116 847 2170 ait.

225 2187 286 2246 'Sed
297 2198 394 2240 tamen
403 2188 475 2240 haec
489 2187 544 2254 tria
559 2193 623 2237 sunt
642 2184 693 2237 suh
710 2185 810 2239 eodem
820 2193 950 2257 tempore
967 2186 1036 2240 fests

265 2261 342 2311 Inter
356 2273 385 2311 se
397 2256 475 2311 nullo
489 2256 651 2310 continuate
667 2254 723 2309 die.

406 1222 503 1292 ugiens
517 1238 630 1274 somnos
642 1221 759 1272 abduxit
769 1220 880 1292 imago;

234 2363 371 2450 Quorum
380 2393 407 2446 'si
418 2392 516 2447 mediis
531 2398 667 2446 Boeotum
682 2390 784 2444 Oriona
797 2407 928 2462 quseres;

266 2464 360 2516 Falsus
374 2464 435 2519 eris.
459 2463 534 2533 Signi
551 2480 635 2516 causa
649 2460 775 2515 canenda
789 2460 870 2514 milii.

164 2535 218 2596 495
235 2532 348 2602 Iupiter,
366 2541 406 2596 et,
423 2532 482 2583 lato
497 2531 545 2600 qui
556 2540 658 2602 regnat
670 2531 699 2583 in
714 2547 847 2600 aequore,
864 2529 955 2581 irater

269 2601 426 2671 Carpebant
439 2602 536 2664 socias,
555 2601 773 2670 Mercuriusque,
791 2600 857 2654 viss.

231 2673 352 2740 Tempus
366 2678 435 2736 erat,
453 2686 508 2740 quo
522 2686 602 2722 versa
616 2670 682 2750 iugo
697 2668 860 2721 referuntur
872 2675 980 2728 aretum

269 2743 304 2792 Et
315 2746 437 2809 pronum
450 2747 561 2791 suturae
571 2738 617 2791 lac
629 2738 702 2790 bibit
713 2755 729 2789 a
769 2754 801 2789 us
816 2737 883 2790 ovis.

234 2809 319 2862 Forte
330 2825 412 2860 senex
425 2807 551 2877 Hyrieus,
569 2807 679 2877 angusti
693 2825 728 2858 cu
739 2816 785 2857 tor
798 2805 892 2876 agolli,

167 2882 220 2938 500
269 2881 326 2930 Hos
338 2877 423 2943 videt,
441 2878 569 2946 exiguam
577 2877 669 2927 stabat
684 2884 719 2927 ut
730 2883 796 2927 ante
812 2891 918 2927 casem:

235 2951 270 3000 nt
311 2948 383 3012 cita,
401 2950 497 3016 Longa
511 2947 557 2996 via
573 2952 623 3010 est,
642 2961 695 2997 nec
709 2953 839 3013 tempora
851 2943 938 3014 longa
950 2942 1096 3010 supersunt,
1135 2987 1137 2991 ,

296 3015 359 3078 ixit3
378 3023 406 3066 et
417 3015 570 3082 hospitibus
586 3013 671 3065 ianua
683 3020 778 3065 nostra
790 3020 877 3081 patet.

220 3120 223 3123 ι
237 3083 352 3137 Addidit
365 3091 393 3135 et
405 3083 515 3135 vultum
526 3082 634 3142 verbis3
651 3082 811 3150 iterumque
824 3081 943 3150 rogavit.
973 3128 975 3132 .

272 3155 373 3204 Parent
385 3151 541 3221 promissis3
560 3150 788 3220 dissimulantque
807 3148 882 3202 deos.

101 3264 103 3273 χ
170 3223 223 3280 605
239 3222 324 3273 Tecta
339 3221 410 3271 senis
423 3220 551 3284 subeunt,
567 3219 649 3288 nigro
665 3218 804 3271 defonniu
815 3218 912 3270 sumo:

274 3288 347 3356 Ignis
358 3288 388 3339 in
403 3295 527 3339 extremo
539 3287 633 3355 stipite
644 3304 743 3356 parvus
755 3294 825 3340 erat.

147 3372 150 3382 ·
239 3360 300 3427 lpse
312 3372 386 3428 genu
399 3356 489 3424 posito
500 3355 631 3409 flammis
641 3355 877 3422 cniecturam,
