<?xml version="1.0" encoding="UTF-8"?>
<!DOCTYPE html PUBLIC "-//W3C//DTD XHTML 1.0 Transitional//EN"
    "http://www.w3.org/TR/xhtml1/DTD/xhtml1-transitional.dtd">
<html xmlns="http://www.w3.org/1999/xhtml" xml:lang="en" lang="en">
 <head>
  <title>
</title>
<meta http-equiv="Content-Type" content="text/html;charset=utf-8" />
  <meta name='ocr-system' content='tesseract 3.04.00' />
  <meta name='ocr-capabilities' content='ocr_page ocr_carea ocr_par ocr_line ocrx_word'/>
</head>
<body>
  <div class='ocr_page' id='page_1' title='image "./operaomnia00unkngoog/operaomnia00unkngoog_0230.png"; bbox 0 0 2334 3842; ppageno 0'>
   <div class='ocr_carea' id='block_1_1' title="bbox 278 762 972 1009">
    <p class='ocr_par' dir='ltr' id='par_1_1' title="bbox 278 762 972 1009">
     <span class='ocr_line' id='line_1_1' title="bbox 332 762 915 836; baseline -0.002 0"><span class='ocrx_word' id='word_1_1' title='bbox 332 767 372 836; x_wconf 88' lang='grc' dir='ltr'><strong>Ρ.</strong></span> <span class='ocrx_word' id='word_1_2' title='bbox 418 766 617 835; x_wconf 89' lang='lat' dir='ltr'>OVIDII</span> <span class='ocrx_word' id='word_1_3' title='bbox 659 762 915 836; x_wconf 85' lang='lat' dir='ltr'><strong>NASONIS</strong></span> 
     </span>
     <span class='ocr_line' id='line_1_2' title="bbox 278 902 972 1009; baseline 0.004 -29"><span class='ocrx_word' id='word_1_4' title='bbox 278 902 972 1009; x_wconf 78' lang='lat' dir='ltr'><strong>EPIsToLARUM</strong></span> 
     </span>
    </p>
   </div>
   <div class='ocr_carea' id='block_1_2' title="bbox 143 1056 1080 1330">
    <p class='ocr_par' dir='ltr' id='par_1_2' title="bbox 143 1056 1124 1330">
     <span class='ocr_line' id='line_1_3' title="bbox 143 1056 1080 1169; baseline -0.005 -21"><span class='ocrx_word' id='word_1_5' title='bbox 143 1060 183 1148; x_wconf 84' lang='lat' dir='ltr'><strong>E</strong></span> <span class='ocrx_word' id='word_1_6' title='bbox 287 1058 335 1147; x_wconf 92' lang='lat' dir='ltr'>X</span> <span class='ocrx_word' id='word_1_7' title='bbox 439 1056 515 1154; x_wconf 12' lang='grc' dir='ltr'><strong>ΑΡ</strong></span> <span class='ocrx_word' id='word_1_8' title='bbox 618 1059 663 1149; x_wconf 90' lang='grc'>0</span> <span class='ocrx_word' id='word_1_9' title='bbox 767 1059 813 1147; x_wconf 93' lang='grc' dir='ltr'><strong>Ν</strong></span> <span class='ocrx_word' id='word_1_10' title='bbox 890 1059 955 1169; x_wconf 63' lang='grc' dir='ltr'><strong>,Ἦ</strong></span> <span class='ocrx_word' id='word_1_11' title='bbox 1048 1057 1080 1143; x_wconf 89' lang='lat'>0</span> 
     </span>
     <span class='ocr_line' id='line_1_4' title="bbox 430 1247 884 1330; baseline -0.004 -18"><span class='ocrx_word' id='word_1_12' title='bbox 430 1247 584 1312; x_wconf 72' lang='lat' dir='ltr'><strong>umuli</strong></span> <span class='ocrx_word' id='word_1_13' title='bbox 612 1250 818 1312; x_wconf 72' lang='lat' dir='ltr'><strong>Plinius.</strong></span> <span class='ocrx_word' id='word_1_14' title='bbox 879 1317 884 1330; x_wconf 59' lang='grc'>,</span> 
     </span>
    </p>
   </div>
   <div class='ocr_carea' id='block_1_3' title="bbox 303 1446 942 1681">
    <p class='ocr_par' dir='ltr' id='par_1_3' title="bbox 303 1446 942 1681">
     <span class='ocr_line' id='line_1_5' title="bbox 303 1446 942 1605; baseline -0.011 -41"><span class='ocrx_word' id='word_1_15' title='bbox 303 1599 307 1605; x_wconf 74' lang='lat'>,</span> <span class='ocrx_word' id='word_1_16' title='bbox 412 1446 841 1567; x_wconf 64' lang='lat' dir='ltr'>EPISTOLAL</span> <span class='ocrx_word' id='word_1_17' title='bbox 939 1552 942 1557; x_wconf 89' lang='grc'><em>,</em></span> 
     </span>
     <span class='ocr_line' id='line_1_6' title="bbox 443 1618 767 1681; baseline 0 -10"><span class='ocrx_word' id='word_1_18' title='bbox 443 1618 767 1681; x_wconf 45' lang='lat' dir='ltr'><strong>&#39;nuncu</strong></span> 
     </span>
    </p>
   </div>
   <div class='ocr_carea' id='block_1_4' title="bbox 215 1705 953 1949">
    <p class='ocr_par' dir='ltr' id='par_1_4' title="bbox 215 1705 953 1949">
     <span class='ocr_line' id='line_1_7' title="bbox 215 1705 953 1797; baseline 0.005 -4"><span class='ocrx_word' id='word_1_19' title='bbox 215 1705 299 1793; x_wconf 76' lang='lat' dir='ltr'><strong>Naso</strong></span> <span class='ocrx_word' id='word_1_20' title='bbox 317 1739 481 1793; x_wconf 79' lang='lat' dir='ltr'><strong>Tomitanae</strong></span> <span class='ocrx_word' id='word_1_21' title='bbox 499 1738 554 1790; x_wconf 83' lang='lat' dir='ltr'><strong>iam</strong></span> <span class='ocrx_word' id='word_1_22' title='bbox 572 1756 630 1790; x_wconf 84' lang='lat' dir='ltr'><strong>non</strong></span> <span class='ocrx_word' id='word_1_23' title='bbox 647 1757 735 1791; x_wconf 79' lang='lat' dir='ltr'><strong>novus</strong></span> <span class='ocrx_word' id='word_1_24' title='bbox 751 1739 845 1792; x_wconf 83' lang='lat' dir='ltr'><strong>incola</strong></span> <span class='ocrx_word' id='word_1_25' title='bbox 861 1749 953 1797; x_wconf 80' lang='lat' dir='ltr'><strong>teme</strong></span> 
     </span>
     <span class='ocr_line' id='line_1_8' title="bbox 252 1807 860 1879; baseline 0.002 -17"><span class='ocrx_word' id='word_1_26' title='bbox 252 1813 313 1862; x_wconf 87' lang='lat' dir='ltr'><strong>Hoc</strong></span> <span class='ocrx_word' id='word_1_27' title='bbox 330 1809 382 1862; x_wconf 85' lang='lat' dir='ltr'><strong>tibi</strong></span> <span class='ocrx_word' id='word_1_28' title='bbox 399 1808 435 1860; x_wconf 87' lang='lat' dir='ltr'><strong>de</strong></span> <span class='ocrx_word' id='word_1_29' title='bbox 450 1808 549 1861; x_wconf 82' lang='lat' dir='ltr'><strong>Getico</strong></span> <span class='ocrx_word' id='word_1_30' title='bbox 565 1807 661 1861; x_wconf 83' lang='lat' dir='ltr'><strong>littore</strong></span> <span class='ocrx_word' id='word_1_31' title='bbox 678 1809 766 1862; x_wconf 83' lang='lat' dir='ltr'><strong>mittit</strong></span> <span class='ocrx_word' id='word_1_32' title='bbox 782 1827 860 1879; x_wconf 86' lang='lat' dir='ltr'><strong>opus.</strong></span> 
     </span>
     <span class='ocr_line' id='line_1_9' title="bbox 216 1876 905 1949; baseline 0.003 -18"><span class='ocrx_word' id='word_1_33' title='bbox 216 1879 247 1931; x_wconf 78' lang='lat' dir='ltr'><strong>si</strong></span> <span class='ocrx_word' id='word_1_34' title='bbox 259 1888 347 1942; x_wconf 79' lang='lat' dir='ltr'><strong>vacat,</strong></span> <span class='ocrx_word' id='word_1_35' title='bbox 364 1877 485 1946; x_wconf 82' lang='lat' dir='ltr'><strong>hospitio</strong></span> <span class='ocrx_word' id='word_1_36' title='bbox 499 1876 671 1949; x_wconf 83' lang='lat' dir='ltr'><strong>peregrinos,</strong></span> <span class='ocrx_word' id='word_1_37' title='bbox 685 1883 776 1946; x_wconf 83' lang='lat' dir='ltr'><strong>Brute,</strong></span> <span class='ocrx_word' id='word_1_38' title='bbox 794 1880 905 1933; x_wconf 81' lang='lat' dir='ltr'><strong>libellos</strong></span> 
     </span>
    </p>
   </div>
   <div class='ocr_carea' id='block_1_5' title="bbox 180 1947 1026 2067">
    <p class='ocr_par' dir='ltr' id='par_1_5' title="bbox 180 1947 1026 2067">
     <span class='ocr_line' id='line_1_10' title="bbox 180 1947 1026 2067; baseline 0.011 -69"><span class='ocrx_word' id='word_1_39' title='bbox 180 1978 182 1983; x_wconf 61' lang='lat'>&lt;</span> <span class='ocrx_word' id='word_1_40' title='bbox 251 1950 362 2017; x_wconf 83' lang='lat' dir='ltr'>Excipe,</span> <span class='ocrx_word' id='word_1_41' title='bbox 381 1947 505 2067; x_wconf 50' lang='lat' dir='ltr'><strong>dumffue</strong></span> <span class='ocrx_word' id='word_1_42' title='bbox 521 1948 625 2018; x_wconf 84' lang='lat' dir='ltr'><strong>aliquo,</strong></span> <span class='ocrx_word' id='word_1_43' title='bbox 645 1948 771 2018; x_wconf 85' lang='lat' dir='ltr'><strong>quolibet</strong></span> <span class='ocrx_word' id='word_1_44' title='bbox 781 1949 852 2003; x_wconf 84' lang='lat' dir='ltr'><strong>abde</strong></span> <span class='ocrx_word' id='word_1_45' title='bbox 865 1949 942 2006; x_wconf 83' lang='lat' dir='ltr'><strong>loco.</strong></span> <span class='ocrx_word' id='word_1_46' title='bbox 1022 2030 1026 2039; x_wconf 66' lang='lat'><em>,</em></span> 
     </span>
    </p>
   </div>
   <div class='ocr_carea' id='block_1_6' title="bbox 166 2017 1023 3399">
    <p class='ocr_par' dir='ltr' id='par_1_6' title="bbox 166 2017 1023 3399">
     <span class='ocr_line' id='line_1_11' title="bbox 182 2017 912 2087; baseline -0.003 -14"><span class='ocrx_word' id='word_1_47' title='bbox 182 2018 200 2073; x_wconf 81' lang='grc'><strong>5</strong></span> <span class='ocrx_word' id='word_1_48' title='bbox 216 2018 331 2070; x_wconf 85' lang='lat' dir='ltr'><strong>Publica</strong></span> <span class='ocrx_word' id='word_1_49' title='bbox 340 2034 396 2069; x_wconf 89' lang='lat' dir='ltr'><strong>non</strong></span> <span class='ocrx_word' id='word_1_50' title='bbox 411 2035 446 2069; x_wconf 85' lang='lat' dir='ltr'><strong>au</strong></span> <span class='ocrx_word' id='word_1_51' title='bbox 468 2027 515 2069; x_wconf 91' lang='lat' dir='ltr'><strong>ent</strong></span> <span class='ocrx_word' id='word_1_52' title='bbox 526 2017 600 2070; x_wconf 84' lang='lat' dir='ltr'><strong>inter</strong></span> <span class='ocrx_word' id='word_1_53' title='bbox 614 2026 796 2069; x_wconf 82' lang='lat' dir='ltr'><strong>monumenta</strong></span> <span class='ocrx_word' id='word_1_54' title='bbox 807 2021 912 2087; x_wconf 81' lang='lat' dir='ltr'><strong>venire,</strong></span> 
     </span>
     <span class='ocr_line' id='line_1_12' title="bbox 251 2086 839 2142; baseline 0.002 -2"><span class='ocrx_word' id='word_1_55' title='bbox 251 2090 292 2140; x_wconf 88' lang='lat' dir='ltr'><strong>Ne</strong></span> <span class='ocrx_word' id='word_1_56' title='bbox 307 2104 370 2138; x_wconf 89' lang='lat' dir='ltr'><strong>suus</strong></span> <span class='ocrx_word' id='word_1_57' title='bbox 383 2087 440 2139; x_wconf 84' lang='lat' dir='ltr'><strong>hnc</strong></span> <span class='ocrx_word' id='word_1_58' title='bbox 454 2086 509 2139; x_wconf 80' lang='lat' dir='ltr'><strong>illis</strong></span> <span class='ocrx_word' id='word_1_59' title='bbox 521 2086 654 2140; x_wconf 78' lang='lat' dir='ltr'><strong>clauserit</strong></span> <span class='ocrx_word' id='word_1_60' title='bbox 663 2095 764 2138; x_wconf 82' lang='lat' dir='ltr'><strong>auctor</strong></span> <span class='ocrx_word' id='word_1_61' title='bbox 775 2087 839 2142; x_wconf 85' lang='lat' dir='ltr'><strong>iter.</strong></span> 
     </span>
     <span class='ocr_line' id='line_1_13' title="bbox 216 2155 843 2226; baseline 0.002 -18"><span class='ocrx_word' id='word_1_62' title='bbox 216 2156 258 2208; x_wconf 82' lang='lat' dir='ltr'><strong>Ah</strong></span> <span class='ocrx_word' id='word_1_63' title='bbox 273 2155 381 2226; x_wconf 83' lang='lat' dir='ltr'><strong>quoties</strong></span> <span class='ocrx_word' id='word_1_64' title='bbox 396 2156 462 2220; x_wconf 84' lang='lat' dir='ltr'>dixi,</span> <span class='ocrx_word' id='word_1_65' title='bbox 481 2165 557 2209; x_wconf 86' lang='lat' dir='ltr'><strong>certe</strong></span> <span class='ocrx_word' id='word_1_66' title='bbox 571 2156 611 2206; x_wconf 88' lang='lat' dir='ltr'><strong>nil</strong></span> <span class='ocrx_word' id='word_1_67' title='bbox 625 2163 708 2224; x_wconf 80' lang='lat' dir='ltr'>turpe</span> <span class='ocrx_word' id='word_1_68' title='bbox 721 2155 843 2209; x_wconf 85' lang='lat' dir='ltr'><strong>docetis!</strong></span> 
     </span>
     <span class='ocr_line' id='line_1_14' title="bbox 256 2225 794 2295; baseline 0.004 -18"><span class='ocrx_word' id='word_1_69' title='bbox 256 2229 311 2278; x_wconf 86' lang='lat' dir='ltr'><strong>Ite:</strong></span> <span class='ocrx_word' id='word_1_70' title='bbox 328 2234 407 2295; x_wconf 86' lang='lat' dir='ltr'><strong>patet</strong></span> <span class='ocrx_word' id='word_1_71' title='bbox 419 2225 501 2278; x_wconf 79' lang='lat' dir='ltr'><strong>castis</strong></span> <span class='ocrx_word' id='word_1_72' title='bbox 512 2225 635 2278; x_wconf 81' lang='lat' dir='ltr'><strong>versibus</strong></span> <span class='ocrx_word' id='word_1_73' title='bbox 645 2225 694 2278; x_wconf 86' lang='lat' dir='ltr'><strong>ille</strong></span> <span class='ocrx_word' id='word_1_74' title='bbox 705 2225 794 2279; x_wconf 84' lang='lat' dir='ltr'><strong>locus.</strong></span> 
     </span>
     <span class='ocr_line' id='line_1_15' title="bbox 218 2294 1002 2365; baseline 0.001 -17"><span class='ocrx_word' id='word_1_75' title='bbox 218 2297 282 2348; x_wconf 88' lang='lat' dir='ltr'><strong>Non</strong></span> <span class='ocrx_word' id='word_1_76' title='bbox 294 2305 391 2347; x_wconf 84' lang='lat' dir='ltr'><strong>tamen</strong></span> <span class='ocrx_word' id='word_1_77' title='bbox 404 2296 555 2348; x_wconf 85' lang='lat' dir='ltr'><strong>accedunt:</strong></span> <span class='ocrx_word' id='word_1_78' title='bbox 574 2295 632 2363; x_wconf 86' lang='lat' dir='ltr'><strong>sed,</strong></span> <span class='ocrx_word' id='word_1_79' title='bbox 650 2304 681 2346; x_wconf 89' lang='lat' dir='ltr'><strong>ut</strong></span> <span class='ocrx_word' id='word_1_80' title='bbox 694 2295 812 2363; x_wconf 79' lang='lat' dir='ltr'><strong>adspicis</strong></span> <span class='ocrx_word' id='word_1_81' title='bbox 827 2294 895 2365; x_wconf 83' lang='lat' dir='ltr'><strong>ipse,</strong></span> <span class='ocrx_word' id='word_1_82' title='bbox 913 2294 1002 2351; x_wconf 81' lang='lat' dir='ltr'><strong>latere</strong></span> 
     </span>
     <span class='ocr_line' id='line_1_16' title="bbox 166 2364 819 2433; baseline -0.002 -17"><span class='ocrx_word' id='word_1_83' title='bbox 166 2369 201 2422; x_wconf 90' lang='lat'><strong>10</strong></span> <span class='ocrx_word' id='word_1_84' title='bbox 252 2366 308 2416; x_wconf 84' lang='lat' dir='ltr'><strong>Sub</strong></span> <span class='ocrx_word' id='word_1_85' title='bbox 321 2368 392 2416; x_wconf 83' lang='lat' dir='ltr'><strong>Lare</strong></span> <span class='ocrx_word' id='word_1_86' title='bbox 408 2365 516 2433; x_wconf 84' lang='lat' dir='ltr'><strong>privato</strong></span> <span class='ocrx_word' id='word_1_87' title='bbox 533 2364 619 2417; x_wconf 86' lang='lat' dir='ltr'><strong>tutius</strong></span> <span class='ocrx_word' id='word_1_88' title='bbox 633 2381 690 2416; x_wconf 83' lang='lat' dir='ltr'><strong>esse</strong></span> <span class='ocrx_word' id='word_1_89' title='bbox 702 2372 819 2433; x_wconf 56' lang='lat' dir='ltr'><strong>putent„</strong></span> 
     </span>
     <span class='ocr_line' id='line_1_17' title="bbox 220 2432 958 2502; baseline 0.003 -17"><span class='ocrx_word' id='word_1_90' title='bbox 220 2434 344 2501; x_wconf 85' lang='lat' dir='ltr'><strong>Quaeris,</strong></span> <span class='ocrx_word' id='word_1_91' title='bbox 361 2434 409 2485; x_wconf 91' lang='lat' dir='ltr'><strong>ubi</strong></span> <span class='ocrx_word' id='word_1_92' title='bbox 423 2435 473 2486; x_wconf 89' lang='lat' dir='ltr'><strong>hos</strong></span> <span class='ocrx_word' id='word_1_93' title='bbox 487 2435 573 2502; x_wconf 85' lang='lat' dir='ltr'><strong>possis</strong></span> <span class='ocrx_word' id='word_1_94' title='bbox 584 2434 664 2485; x_wconf 85' lang='lat' dir='ltr'><strong>nullo</strong></span> <span class='ocrx_word' id='word_1_95' title='bbox 679 2450 850 2501; x_wconf 86' lang='lat' dir='ltr'><strong>componere</strong></span> <span class='ocrx_word' id='word_1_96' title='bbox 861 2432 958 2487; x_wconf 69' lang='lat' dir='ltr'><strong>laeso?</strong></span> 
     </span>
     <span class='ocr_line' id='line_1_18' title="bbox 254 2503 867 2571; baseline 0.005 -17"><span class='ocrx_word' id='word_1_97' title='bbox 254 2507 315 2566; x_wconf 78' lang='lat' dir='ltr'><strong>Qua</strong></span> <span class='ocrx_word' id='word_1_98' title='bbox 330 2512 462 2567; x_wconf 67' lang='lat' dir='ltr'><strong>steterant</strong></span> <span class='ocrx_word' id='word_1_99' title='bbox 474 2508 564 2567; x_wconf 80' lang='lat' dir='ltr'><strong>Artes,</strong></span> <span class='ocrx_word' id='word_1_100' title='bbox 579 2520 643 2571; x_wconf 82' lang='lat' dir='ltr'><strong>pars</strong></span> <span class='ocrx_word' id='word_1_101' title='bbox 655 2511 736 2554; x_wconf 80' lang='lat' dir='ltr'><strong>vacat</strong></span> <span class='ocrx_word' id='word_1_102' title='bbox 746 2503 795 2556; x_wconf 86' lang='lat' dir='ltr'><strong>illa</strong></span> <span class='ocrx_word' id='word_1_103' title='bbox 806 2503 867 2557; x_wconf 87' lang='lat' dir='ltr'><strong>tihi.</strong></span> 
     </span>
     <span class='ocr_line' id='line_1_19' title="bbox 218 2572 941 2642; baseline 0 -18"><span class='ocrx_word' id='word_1_104' title='bbox 218 2574 292 2638; x_wconf 88' lang='lat' dir='ltr'><strong>Quid</strong></span> <span class='ocrx_word' id='word_1_105' title='bbox 305 2572 427 2637; x_wconf 85' lang='lat' dir='ltr'><strong>veniant,</strong></span> <span class='ocrx_word' id='word_1_106' title='bbox 445 2572 568 2624; x_wconf 79' lang='lat' dir='ltr'><strong>novitate</strong></span> <span class='ocrx_word' id='word_1_107' title='bbox 580 2589 662 2642; x_wconf 83' lang='lat' dir='ltr'><strong>roges</strong></span> <span class='ocrx_word' id='word_1_108' title='bbox 676 2573 795 2625; x_wconf 80' lang='lat' dir='ltr'><strong>fortasse</strong></span> <span class='ocrx_word' id='word_1_109' title='bbox 806 2573 857 2624; x_wconf 89' lang='lat' dir='ltr'><strong>sub</strong></span> <span class='ocrx_word' id='word_1_110' title='bbox 873 2572 941 2641; x_wconf 84' lang='lat' dir='ltr'><strong>ipsa.</strong></span> 
     </span>
     <span class='ocr_line' id='line_1_20' title="bbox 252 2641 1023 2711; baseline 0.003 -16"><span class='ocrx_word' id='word_1_111' title='bbox 252 2642 363 2711; x_wconf 81' lang='lat' dir='ltr'><strong>Accipe,</strong></span> <span class='ocrx_word' id='word_1_112' title='bbox 383 2641 569 2711; x_wconf 84' lang='lat' dir='ltr'><strong>quodcunque</strong></span> <span class='ocrx_word' id='word_1_113' title='bbox 583 2650 634 2707; x_wconf 84' lang='lat' dir='ltr'><strong>est,</strong></span> <span class='ocrx_word' id='word_1_114' title='bbox 651 2641 803 2696; x_wconf 88' lang='lat' dir='ltr'><strong>dummodo</strong></span> <span class='ocrx_word' id='word_1_115' title='bbox 819 2659 877 2693; x_wconf 87' lang='lat' dir='ltr'><strong>non</strong></span> <span class='ocrx_word' id='word_1_116' title='bbox 889 2642 926 2694; x_wconf 89' lang='lat' dir='ltr'><strong>sit</strong></span> <span class='ocrx_word' id='word_1_117' title='bbox 937 2656 1023 2698; x_wconf 70' lang='lat' dir='ltr'><strong>umor·</strong></span> 
     </span>
     <span class='ocr_line' id='line_1_21' title="bbox 168 2711 892 2780; baseline -0.008 -13"><span class='ocrx_word' id='word_1_118' title='bbox 168 2715 202 2768; x_wconf 85' lang='lat'><strong>15</strong></span> <span class='ocrx_word' id='word_1_119' title='bbox 218 2713 344 2765; x_wconf 83' lang='lat' dir='ltr'><strong>Invenies</strong></span> <span class='ocrx_word' id='word_1_120' title='bbox 357 2712 481 2780; x_wconf 83' lang='lat' dir='ltr'><strong>quamvis</strong></span> <span class='ocrx_word' id='word_1_121' title='bbox 496 2719 609 2762; x_wconf 86' lang='lat' dir='ltr'><strong>nonest</strong></span> <span class='ocrx_word' id='word_1_122' title='bbox 624 2711 789 2763; x_wconf 78' lang='lat' dir='ltr'><strong>miserabilis</strong></span> <span class='ocrx_word' id='word_1_123' title='bbox 801 2711 892 2776; x_wconf 84' lang='lat' dir='ltr'><strong>iudex,</strong></span> 
     </span>
     <span class='ocr_line' id='line_1_22' title="bbox 257 2779 914 2850; baseline 0.003 -18"><span class='ocrx_word' id='word_1_124' title='bbox 257 2784 319 2832; x_wconf 89' lang='lat' dir='ltr'><strong>Non</strong></span> <span class='ocrx_word' id='word_1_125' title='bbox 331 2781 421 2832; x_wconf 87' lang='lat' dir='ltr'><strong>minus</strong></span> <span class='ocrx_word' id='word_1_126' title='bbox 434 2780 488 2832; x_wconf 86' lang='lat' dir='ltr'><strong>hoc</strong></span> <span class='ocrx_word' id='word_1_127' title='bbox 499 2779 548 2832; x_wconf 88' lang='lat' dir='ltr'><strong>illo</strong></span> <span class='ocrx_word' id='word_1_128' title='bbox 560 2781 649 2846; x_wconf 86' lang='lat' dir='ltr'><strong>triste,</strong></span> <span class='ocrx_word' id='word_1_129' title='bbox 668 2781 743 2850; x_wconf 83' lang='lat' dir='ltr'>qnod</span> <span class='ocrx_word' id='word_1_130' title='bbox 757 2789 823 2832; x_wconf 79' lang='lat' dir='ltr'><strong>ante</strong></span> <span class='ocrx_word' id='word_1_131' title='bbox 839 2779 914 2835; x_wconf 84' lang='lat' dir='ltr'><strong>dedi.</strong></span> 
     </span>
     <span class='ocr_line' id='line_1_23' title="bbox 219 2849 909 2918; baseline -0.004 -15"><span class='ocrx_word' id='word_1_132' title='bbox 219 2850 310 2903; x_wconf 79' lang='lat' dir='ltr'><strong>Rebus</strong></span> <span class='ocrx_word' id='word_1_133' title='bbox 323 2849 407 2916; x_wconf 88' lang='lat' dir='ltr'><strong>idem,</strong></span> <span class='ocrx_word' id='word_1_134' title='bbox 425 2849 507 2901; x_wconf 84' lang='lat' dir='ltr'><strong>titulo</strong></span> <span class='ocrx_word' id='word_1_135' title='bbox 524 2849 626 2912; x_wconf 82' lang='lat' dir='ltr'><strong>differt,</strong></span> <span class='ocrx_word' id='word_1_136' title='bbox 645 2859 673 2900; x_wconf 85' lang='lat' dir='ltr'><strong>et</strong></span> <span class='ocrx_word' id='word_1_137' title='bbox 686 2849 803 2918; x_wconf 83' lang='lat' dir='ltr'><strong>epistola</strong></span> <span class='ocrx_word' id='word_1_138' title='bbox 817 2849 861 2902; x_wconf 90' lang='lat' dir='ltr'><strong>cui</strong></span> <span class='ocrx_word' id='word_1_139' title='bbox 873 2849 909 2901; x_wconf 89' lang='lat' dir='ltr'><strong>sit</strong></span> 
     </span>
     <span class='ocr_line' id='line_1_24' title="bbox 255 2918 798 2974; baseline 0.006 -4"><span class='ocrx_word' id='word_1_140' title='bbox 255 2922 318 2970; x_wconf 91' lang='lat' dir='ltr'><strong>Non</strong></span> <span class='ocrx_word' id='word_1_141' title='bbox 331 2919 471 2971; x_wconf 78' lang='lat' dir='ltr'><strong>occultato</strong></span> <span class='ocrx_word' id='word_1_142' title='bbox 484 2919 597 2970; x_wconf 86' lang='lat' dir='ltr'><strong>nomine</strong></span> <span class='ocrx_word' id='word_1_143' title='bbox 609 2918 693 2969; x_wconf 82' lang='lat' dir='ltr'><strong>missa</strong></span> <span class='ocrx_word' id='word_1_144' title='bbox 707 2919 798 2974; x_wconf 88' lang='lat' dir='ltr'><strong>docet.</strong></span> 
     </span>
     <span class='ocr_line' id='line_1_25' title="bbox 220 2987 946 3058; baseline -0.004 -16"><span class='ocrx_word' id='word_1_145' title='bbox 220 2991 280 3042; x_wconf 89' lang='lat' dir='ltr'><strong>Nec</strong></span> <span class='ocrx_word' id='word_1_146' title='bbox 293 3005 341 3039; x_wconf 89' lang='lat' dir='ltr'><strong>vos</strong></span> <span class='ocrx_word' id='word_1_147' title='bbox 355 2989 409 3040; x_wconf 89' lang='lat' dir='ltr'><strong>hoc</strong></span> <span class='ocrx_word' id='word_1_148' title='bbox 420 2987 511 3050; x_wconf 84' lang='lat' dir='ltr'><strong>vultis,</strong></span> <span class='ocrx_word' id='word_1_149' title='bbox 528 2988 578 3040; x_wconf 84' lang='lat' dir='ltr'><strong>sed</strong></span> <span class='ocrx_word' id='word_1_150' title='bbox 590 3005 643 3040; x_wconf 86' lang='lat' dir='ltr'><strong>nec</strong></span> <span class='ocrx_word' id='word_1_151' title='bbox 657 2988 807 3056; x_wconf 87' lang='lat' dir='ltr'><strong>prohibere</strong></span> <span class='ocrx_word' id='word_1_152' title='bbox 819 2987 946 3058; x_wconf 80' lang='lat' dir='ltr'><strong>potestis:</strong></span> 
     </span>
     <span class='ocr_line' id='line_1_26' title="bbox 169 3056 784 3126; baseline 0.002 -18"><span class='ocrx_word' id='word_1_153' title='bbox 169 3060 205 3114; x_wconf 73' lang='lat'><strong>20</strong></span> <span class='ocrx_word' id='word_1_154' title='bbox 255 3060 388 3126; x_wconf 82' lang='lat' dir='ltr'><strong>Musaque</strong></span> <span class='ocrx_word' id='word_1_155' title='bbox 400 3057 436 3108; x_wconf 83' lang='lat' dir='ltr'><strong>ad</strong></span> <span class='ocrx_word' id='word_1_156' title='bbox 446 3056 546 3109; x_wconf 87' lang='lat' dir='ltr'><strong>invitos</strong></span> <span class='ocrx_word' id='word_1_157' title='bbox 563 3057 687 3109; x_wconf 79' lang='lat' dir='ltr'><strong>officiosa</strong></span> <span class='ocrx_word' id='word_1_158' title='bbox 698 3059 784 3109; x_wconf 87' lang='lat' dir='ltr'><strong>venit.</strong></span> 
     </span>
     <span class='ocr_line' id='line_1_27' title="bbox 223 3125 1020 3196; baseline 0.004 -20"><span class='ocrx_word' id='word_1_159' title='bbox 223 3126 363 3195; x_wconf 86' lang='lat' dir='ltr'><strong>Quidquid</strong></span> <span class='ocrx_word' id='word_1_160' title='bbox 376 3127 405 3177; x_wconf 91' lang='lat' dir='ltr'><strong>id</strong></span> <span class='ocrx_word' id='word_1_161' title='bbox 420 3134 470 3189; x_wconf 79' lang='lat' dir='ltr'><strong>est,</strong></span> <span class='ocrx_word' id='word_1_162' title='bbox 488 3127 608 3196; x_wconf 81' lang='lat' dir='ltr'><strong>adiunge</strong></span> <span class='ocrx_word' id='word_1_163' title='bbox 621 3128 699 3178; x_wconf 87' lang='lat' dir='ltr'><strong>meis.</strong></span> <span class='ocrx_word' id='word_1_164' title='bbox 725 3126 800 3178; x_wconf 88' lang='lat' dir='ltr'><strong>Nihil</strong></span> <span class='ocrx_word' id='word_1_165' title='bbox 814 3125 933 3196; x_wconf 82' lang='lat' dir='ltr'><strong>impedit</strong></span> <span class='ocrx_word' id='word_1_166' title='bbox 945 3133 1020 3179; x_wconf 70' lang='lat' dir='ltr'><strong>ortos</strong></span> 
     </span>
     <span class='ocr_line' id='line_1_28' title="bbox 256 3194 796 3264; baseline 0.007 -20"><span class='ocrx_word' id='word_1_167' title='bbox 256 3194 363 3260; x_wconf 84' lang='lat' dir='ltr'><strong>Exsule‚</strong></span> <span class='ocrx_word' id='word_1_168' title='bbox 381 3195 495 3246; x_wconf 71' lang='lat' dir='ltr'><strong>servatis</strong></span> <span class='ocrx_word' id='word_1_169' title='bbox 507 3195 624 3264; x_wconf 80' lang='lat' dir='ltr'><strong>legibus,</strong></span> <span class='ocrx_word' id='word_1_170' title='bbox 644 3196 718 3248; x_wconf 83' lang='lat' dir='ltr'><strong>Urbe</strong></span> <span class='ocrx_word' id='word_1_171' title='bbox 730 3195 796 3249; x_wconf 83' lang='lat' dir='ltr'><strong>frui.</strong></span> 
     </span>
     <span class='ocr_line' id='line_1_29' title="bbox 224 3263 962 3334; baseline 0.007 -21"><span class='ocrx_word' id='word_1_172' title='bbox 224 3263 305 3327; x_wconf 88' lang='lat' dir='ltr'><strong>Quod</strong></span> <span class='ocrx_word' id='word_1_173' title='bbox 317 3271 424 3313; x_wconf 82' lang='lat' dir='ltr'><strong>metuas</strong></span> <span class='ocrx_word' id='word_1_174' title='bbox 435 3278 493 3314; x_wconf 89' lang='lat' dir='ltr'><strong>non</strong></span> <span class='ocrx_word' id='word_1_175' title='bbox 508 3272 556 3317; x_wconf 85' lang='lat' dir='ltr'><strong>est.</strong></span> <span class='ocrx_word' id='word_1_176' title='bbox 583 3270 686 3316; x_wconf 76' lang='lat' dir='ltr'><strong>Antoni</strong></span> <span class='ocrx_word' id='word_1_177' title='bbox 699 3264 843 3334; x_wconf 83' lang='lat' dir='ltr'><strong>scriptule</strong></span> <span class='ocrx_word' id='word_1_178' title='bbox 872 3273 962 3318; x_wconf 71' lang='lat' dir='ltr'><strong>inturz</strong></span> 
     </span>
     <span class='ocr_line' id='line_1_30' title="bbox 239 3330 902 3399; baseline 0.009 -17"><span class='ocrx_word' id='word_1_179' title='bbox 239 3364 244 3377; x_wconf 50' lang='grc' dir='ltr'><em>ι</em></span> <span class='ocrx_word' id='word_1_180' title='bbox 257 3333 362 3384; x_wconf 84' lang='lat' dir='ltr'><strong>Doctus</strong></span> <span class='ocrx_word' id='word_1_181' title='bbox 376 3330 446 3381; x_wconf 87' lang='lat' dir='ltr'><strong>etin</strong></span> <span class='ocrx_word' id='word_1_182' title='bbox 460 3340 574 3399; x_wconf 84' lang='lat' dir='ltr'><strong>promtu</strong></span> <span class='ocrx_word' id='word_1_183' title='bbox 586 3333 689 3386; x_wconf 79' lang='lat' dir='ltr'><strong>scrinia</strong></span> <span class='ocrx_word' id='word_1_184' title='bbox 698 3337 797 3387; x_wconf 83' lang='lat' dir='ltr'><strong>Brutus</strong></span> <span class='ocrx_word' id='word_1_185' title='bbox 808 3334 827 3386; x_wconf 90' lang='lat' dir='ltr'><strong>h</strong></span> <span class='ocrx_word' id='word_1_186' title='bbox 865 3342 902 3389; x_wconf 76' lang='lat' dir='ltr'><strong>et.</strong></span> 
     </span>
    </p>
   </div>
   <div class='ocr_carea' id='block_1_7' title="bbox 0 0 1172 3842">
    <p class='ocr_par' dir='ltr' id='par_1_7' title="bbox 0 0 1172 3842">
     <span class='ocr_line' id='line_1_31' title="bbox 0 0 1172 3842; baseline 0 0"><span class='ocrx_word' id='word_1_187' title='bbox 0 0 1172 3842; x_wconf 95' lang='lat' dir='ltr'><strong> </strong></span> 
     </span>
    </p>
   </div>
  </div>
 </body>
</html>
