2334 3842
496 226 601 283 IBIS
670 243 673 246 ‘

66 376 158 440 thue
170 359 250 453 §ater
266 368 367 436 solitae
375 370 466 423 varies
478 379 590 426 mutare
602 370 707 443 figuras

95 442 198 492 Plenus
211 441 375 492 inexstincta
389 440 521 492 deficiare
534 442 620 495 farne.

64 510 125 562 Nec
138 510 214 578 dapis
227 510 365 561 humanae
378 510 493 561 subeant
504 510 631 562 fastidia.
649 489 759 591 quaque

99 581 181 630 Parte
193 588 280 647 potos,
296 579 404 646 'lydeus
415 579 547 647 temporis
561 579 643 630 huius
656 580 719 633 eris,

63 651 154 716 Atque
169 648 279 717 aliquid
291 646 388 727 facias,
406 665 423 700 a
434 665 550 716 vespere
563 665 658 700 rursus
669 649 705 701 ad
720 657 798 703 ortus

100 718 155 768 Cur
170 716 319 769 exsternati
333 716 402 768 Solis
417 728 538 796 agantur
550 717 623 797 equi.

62 775 157 837 Foeda
169 786 325 859 Lycaoniae
338 793 445 853 repetes
460 786 585 838 convivia
594 801 716 852 mensae,

99 849 284 935 Tentebisque
299 854 353 905 cibi
366 855 464 906 fallere
478 855 577 935 fraude
590 855 696 907 lovem

61 924 159 991 Teque
172 924 208 974 ali
231 923 271 974 uis
283 924 373 1003 posito
387 932 476 976 tentet
486 924 544 975 vim
553 923 674 976 numinis
687 933 772 993 opto:-

96 943 255 1044 Tantalides
267 1001 298 1043 tu
311 992 355 1057 sis,
371 994 557 1062 Tereidesque
570 1009 647 1060 puer.

60 1061 97 1113 Et
109 1069 157 1111 tua
172 1062 212 1114 sic
224 1061 296 1125 latos
307 1070 474 1141 spargantur
488 1062 616 1114 membra
631 1077 681 1141 per
692 1077 782 1131 agros,

8 1159 9 1162 =
97 1132 243 1200 Tanquam
257 1148 327 1200 quae
340 1131 443 1211 patrias
462 1131 606 1183 detinuere
618 1129 684 1184 vias.

61 1199 134 1250 Aere
144 1199 260 1251 Perilleo
272 1216 352 1250 veros
365 1200 474 1252 imitere
488 1201 629 1268 iuvencos,

99 1268 139 1318 Ad
151 1268 273 1324 fornaeni
285 1267 359 1318 tauri
373 1270 554 1324 conveniente
567 1284 645 1320 sono.

60 1340 156 1405 thue
170 1337 251 1390 ferox
263 1336 394 1402 Phalaris,
410 1337 506 1407 lingua
518 1337 594 1406 prius
608 1353 674 1389 ense
686 1345 803 1405 resecta,
870 1403 874 1408 ‚
888 1338 898 1352 ²

67 1409 176 1458 More
187 1407 273 1471 bovis,
292 1407 393 1474 Paphio
405 1407 536 1458 clausus
528 1424 557 1458 in
569 1424 644 1459 aere
641 1422 754 1475 ¹‚gemas
822 1449 824 1452 ,

59 1477 189 1545 Dumque
205 1475 298 1528 redire
309 1474 384 1527 voles
396 1493 457 1527 aevi
450 1475 613 1527 melioris
605 1494 635 1527 m
648 1492 746 1543 armos,

96 1549 133 1595 Ut
148 1554 225 1597 vetus
239 1531 349 1596 Admeti
361 1544 499 1613 decipiare
512 1562 602 1598 socer.

59 1617 151 1683 Atque
169 1630 253 1683 eques
265 1614 294 1665 in
310 1613 396 1665 medii
407 1630 534 1684 mergare
546 1614 680 1694 voragine
694 1612 785 1681 coeni,

93 1682 252 1738 Dummodo
266 1684 322 1733 sint
332 1683 384 1733 fati
396 1686 510 1734 nomina
529 1682 607 1735 nulla
619 1683 670 1736 tui

58 1757 150 1821 Atque
164 1752 271 1805 utinam
284 1769 394 1833 pereas,
412 1752 497 1804 veluti
511 1753 545 1804 de
559 1751 688 1803 dentibus
703 1751 760 1804 orti

94 1821 232 1872 Sidonia'
224 1820 303 1872 iactis
321 1821 402 1873 Graia
416 1839 467 1890 per
478 1839 544 1873 arva
558 1838 652 1873 manu.

59 1892 93 1942 Et
106 1908 178 1970 quae
191 1890 337 1941 Penthides
349 1890 426 1952 fecit,
434 1891 588 1971 sentesque
601 1890 741 1958 Medusae,

93 1959 229 2011 Eieniant
242 1959 326 2037 capiti
339 1970 405 2011 vota
418 1959 528 2011 sinistra
540 1968 600 2011 tuo.

58 2029 92 2081 Et
108 2029 208 2097 quihus
221 2027 319 2106 eriguo
335 2028 455 2079 volucris
470 2029 569 2079 devota
583 2026 679 2079 libello
693 2033 745 2087 est,

94 2099 218 2165 Corpora
231 2096 356 2165 proiecta
370 2113 440 2165 quae
452 2114 501 2148 sua
514 2105 622 2176 purgat
631 2112 712 2163 aqua.

14 2220 15 2223 ,
58 2166 184 2223 Vulnera
197 2174 296 2234 totque
306 2165 388 2231 feras,
408 2165 484 2234 quod
497 2165 599 2217 dicitur
614 2163 661 2215 ille
674 2161 780 2232 tulisse,

94 2236 177 2287 Cuius
187 2235 222 2285 ab
237 2234 343 2286 inferiis
357 2234 446 2286 culter
461 2235 557 2287 abesse
570 2234 650 2285 solet.

58 2304 256 2382 Attonitusque
267 2319 351 2365 seces,
370 2311 402 2353 ut
418 2321 487 2383 qrios
502 2303 634 2371 Cybeleia
648 2310 740 2353 mater

92 2374 206 2450 Incitat,
224 2373 258 2423 ad
269 2347 409 2443 Phry'gios,
425 2372 492 2424 vilia
502 2373 640 2453 membra,
657 2371 767 2427 modos.

57 2443 98 2493 De
140 2441 226 2493 eviro
239 2442 288 2492 iias
301 2458 353 2494 nec
368 2442 472 2493 femina
485 2458 537 2493 nec
549 2442 602 2503 vir,
619 2449 651 2491 ut
665 2445 759 2509 dttys;

115 2510 245 2580 tquatias
258 2510 335 2561 moll
328 2527 338 2561 1
349 2520 481 2579 tympana
493 2528 579 2563 rauca
592 2527 686 2563 manu.

57 2584 145 2659 Inque
159 2596 244 2647 pecus
258 2580 349 2631 subito
363 2583 479 2659 Magnae
492 2588 600 2632 vertare
612 2578 753 2632 Parentis·

90 2650 190 2700 lictor
203 2656 235 2698 ut
248 2657 288 2698 est
301 2647 386 2700 celeri
399 2648 527 2719 victaque
541 2666 622 2701 versa
635 2647 733 2716 pede

58 2717 180 2787 Solaque
195 2717 310 2768 Limone
323 2735 443 2798 poenam
457 2735 492 2770 ne
509 2719 626 2770 senserit
638 2716 727 2784 illam,

91 2790 125 2839 Et
136 2795 187 2837 tua
200 2786 283 2837 deute
295 2785 393 2838 fero
369 2804 475 2839 viscera
488 2797 586 2855 carpat
601 2802 695 2866 equus

56 2860 120 2922 Aut,
137 2863 171 2906 ut
185 2854 377 2921 Cassandreus,
395 2856 509 2909 domino
524 2873 581 2907 non
594 2855 690 2906 mitior
703 2852 764 2922 illo,

91 2924 207 2976 Saucius
220 2925 327 2993 ingesta
340 2925 539 2978 contumuleris
551 2925 647 2975 humo.

56 2998 120 3058 Aut,
138 3002 170 3044 ut
181 2993 354 3073 Abantiades,
372 3004 420 3045 eut
431 3004 464 3046 ut
478 2996 614 3075 Cygneius
626 2992 719 3058 heros,

92 3033 228 3114 Clausus'
220 3080 248 3113 ιιι
263 3079 413 3131 aequoreas
427 3063 618 3143 praecipiteris
630 3078 725 3130 aquas.

56 3131 179 3185 Victima
192 3130 236 3182 vel
250 3130 366 3182 Phoebo
373 3150 465 3185 sacras
480 3132 612 3184 macteris
624 3130 659 3184 ad
674 3145 745 3197 aras,

93 3204 183 3263 Quam
195 3200 237 3251 tul
239 3199 260 3250 it
274 3216 380 3252 asaevo
392 3201 551 3253 Theudotus
565 3202 645 3252 hoste
660 3215 770 3253 necem.

57 3273 113 3322 Aut
127 3279 155 3321 te
170 3268 304 3321 devoveat
316 3269 398 3321 certis
409 3269 519 3322 Abdera
534 3270 639 3332 diebus,

92 3342 217 3410 Saxaque
229 3338 361 3394 devotum
371 3339 509 3411 grandine
521 3339 604 3410 plura
613 3344 717 3409 petant.

312 3479 315 3510 l
