2334 3842
181 267 319 321 uersa.
339 263 682 321 anrosiacus.
704 264 751 318 1v.
772 264 835 319 aa.
857 263 925 321 xtv.
966 259 1031 344 '297

108 410 231 481 Telaque
247 410 338 464 adhuc
352 408 480 476 demens,
537 425 570 463 ae
584 419 720 476 nocuere,
737 410 860 481 sequor?

11 485 12 492 ’
73 480 116 534 Ad
128 477 376 562 veteresscopulos
390 480 492 532 iterum
525 489 651 545 euenor,
668 477 704 531 ad
720 480 791 545 illas,

108 553 141 602 ln
157 549 256 619 quihus
270 548 385 601 ostendit
397 548 534 620 naufraga
548 549 664 619 puppis,
683 565 776 617 aqrias.

73 619 129 672 Sed
143 618 214 669 nihil
230 618 342 670 admisi:
360 618 437 669 nulla
453 626 493 670 est
508 634 572 670 mea
586 618 682 686 culpa,
698 617 840 671 Tomitae!

109 691 184 751 Quos
198 704 266 758 ego,
281 703 347 739 cum
360 686 422 738 loca
436 686 490 738 sim
499 695 591 739 vestra
603 703 732 755 perosus,
750 703 823 740 amo.

73 756 198 821 Quilibet
210 756 331 808 excutiat
347 756 435 807 nostri
449 764 630 812 monumenta
642 754 759 819 labefiat

107 826 214 886 Littera
228 824 262 877 de
274 825 352 877 vohis
366 833 408 877 est
419 840 483 876 mea
497 833 594 895 questa
603 823 682 877 nihil.

70 894 172 964 Frigus
182 934 190 962 ,
208 902 236 946 et
246 894 372 946 incursus
386 894 464 946 omni
474 894 513 948 ,de
523 902 603 963 parte
615 892 764 962 timendos,

11 1005 15 1020 .
106 966 141 1015 Bt
155 962 229 1033 quod
241 962 367 1031 pulsetur
378 979 475 1015 murus
489 963 523 1013 ab
537 963 633 1028 hoste,
653 979 763 1031 queror.

70 1034 105 1084 In
119 1032 198 1098 loca,
216 1049 272 1084 non
286 1032 429 1099 homines,
447 1030 590 1083 verissima
602 1030 719 1082 crimina
735 1031 799 1085 oiri.

107 1101 229 1170 Culpatis
239 1108 364 1153 vestrum
377 1118 426 1153 uos
440 1116 551 1170 quoque
564 1116 646 1168 saepe
658 1100 758 1153 solum.

70 1172 149 1224 Esset
160 1179 295 1242 perpetuo
310 1187 359 1221 sua
374 1186 459 1239 quam
470 1169 589 1221 vitabilis
601 1174 695 1236 Ascra,

105 1244 179 1291 Ausa
193 1243 233 1291 est
245 1238 387 1309 agricolae
401 1240 478 1289 Musa
493 1238 593 1290 docere
609 1239 690 1290 senis.

71 1311 109 1361 At
122 1308 216 1360 fuerat
226 1316 302 1359 terra
316 1307 438 1378 genitus,
457 1307 504 1377 qui
518 1306 642 1375 scripsit,
659 1307 689 1358 in
702 1306 767 1371 illa;

66 1429 70 1436 ,
108 1376 244 1430 Intumuit
257 1376 314 1429 vati
329 1392 381 1427 nec
394 1379 489 1428 tamen
501 1380 584 1428 Ascra
601 1393 660 1428 suo.

71 1447 141 1511 Quis
155 1447 275 1515 patriam
286 1444 398 1497 sollerte
409 1445 497 1515 magis
510 1444 605 1496 dilexit
618 1443 717 1495 Ulixe?

108 1518 170 1567 Hoc
183 1523 278 1567 tumen
294 1514 427 1582 asperitas
442 1513 534 1566 indice
546 1523 614 1565 nota
629 1513 686 1564 loci
699 1521 750 1565 est.

72 1586 138 1638 Nou
151 1583 230 1649 loca,
248 1582 297 1635 sed
310 1599 402 1635 mures
417 1582 527 1652 scriptis
539 1583 647 1635 vexavit
659 1580 762 1635 amaris

12 1655 13 1658 ’
110 1654 235 1722 Scepsius
246 1652 395 1718 Ausonios,
413 1661 532 1721 actaque
544 1655 635 1704 Roma
649 1668 698 1703 rea
712 1658 761 1702 est.

72 1722 154 1776 Falsa
167 1730 263 1773 tamen
277 1738 357 1790 passa
372 1729 413 1773 est
425 1738 514 1791 aequa
529 1720 656 1781 convicia
670 1727 774 1786 mente,

109 1790 206 1843 Obfuit
219 1791 327 1842 auctori
341 1806 394 1842 nec
407 1790 470 1842 fera
483 1791 580 1860 lingua
592 1807 650 1843 sno.

72 1866 109 1913 At
120 1861 210 1911 malus
222 1861 359 1929 interpres
373 1859 469 1929 populi
486 1859 554 1911 mihi
568 1860 691 1911 concitat
703 1857 785 1922 iram,

109 1932 198 1998 Inque'
209 1937 314 1980 novum
329 1930 437 1980 crimen
451 1929 575 1980 carmina
588 1938 684 1979 nostra
699 1934 792 1978 vocat.

71 2001 144 2052 Tam
156 1998 223 2049 felix
235 1998 357 2062 utinam,
375 2015 461 2066 quam
472 2006 587 2065 pectore
602 1995 749 2060 candidus,
766 1992 867 2045 essem!

107 2069 201 2118 Exstat
211 2066 302 2117 adhuc
313 2082 398 2116 nemo
408 2069 517 2118 saucius
528 2082 576 2116 ore
589 2082 662 2117 meo.

73 2135 170 2202 Adde,
190 2134 265 2203 quod
279 2134 312 2186 Ill
346 2134 390 2186 ica
405 2134 425 2185 si
440 2135 497 2185 iam
512 2133 575 2201 pice
590 2131 697 2203 nigrior
712 2146 809 2197 essem,

26 2242 27 2245 κ
108 2208 171 2257 Non
188 2203 304 2255 morden
325 2220 341 2253 a
354 2202 518 2256 mihiturba
534 2200 624 2253 fidelis
640 2208 708 2252 erat.

72 2273 223 2328 Mollitera
237 2272 319 2333 vobis,
330 2289 393 2323 mea
407 2287 465 2322 sors
481 2279 609 2338 excepta,
626 2269 764 2335 Tomitae,

107 2344 179 2394 Tam
192 2342 272 2393 mites
284 2342 380 2392 Graios
391 2340 496 2392 indicat
509 2356 568 2390 esse
578 2338 660 2398 viros,

74 2414 149 2466 Gens
164 2427 228 2462 mea
239 2410 359 2480 Peligni,
373 2409 508 2479 regioque
520 2408 673 2461 domestica
685 2406 792 2475 Sulmo,

108 2482 172 2532 Non
184 2480 275 2547 potuit
287 2478 386 2530 nostris
400 2478 490 2529 lenior
505 2494 563 2529 esse
575 2476 665 2529 malis.

75 2549 166 2614 Quem
179 2548 225 2599 vix
237 2547 371 2600 incolumi
384 2547 513 2617 cuiquam
525 2547 657 2615 salvoque
672 2544 783 2612 daretis,

110 2622 135 2670 Is
148 2618 228 2668 datus
240 2634 256 2667 a
267 2616 346 2669 vobis
361 2624 401 2667 est
415 2616 486 2679 inihi
501 2632 590 2685 nuper
603 2615 702 2668 honor.

75 2686 155 2741 Solus
168 2685 260 2737 adhuc
271 2701 323 2755 ego
336 2702 397 2736 sum
408 2685 506 2737 vestris
520 2684 651 2738 immunis
665 2685 695 2736 in
708 2682 779 2747 oris;

83 2757 86 2762 '
111 2754 254 2822 Exceptis,
273 2755 296 2805 si
310 2755 358 2822 qui
368 2770 486 2805 munera
499 2754 525 2805 le
548 2753 568 2804 's
581 2752 695 2805 hahent.

75 2825 146 2879 Tem
167 2839 217 2874 ora
229 2831 337 2874 sacrata
349 2840 413 2875 mea
425 2827 488 2874 sunt
498 2839 531 2873 ve
544 2831 590 2873 ata
602 2838 717 2889 corona,

109 2842 242 2945 Piriilicus
254 2891 341 2943 inuito
357 2908 440 2972 quam
453 2892 534 2943 favor
547 2891 689 2958 imposuit.
731 2956 734 2961 .

78 2966 170 3030 Quam
186 2969 266 3031 grata
283 2969 323 3012 est
335 2958 422 3031 igitur
435 2963 557 3012 Latonae
570 2959 648 3011 Delia
660 2957 752 3025 tellus,

111 3029 222 3082 Erranti
236 3037 330 3080 tutum
344 3046 414 3099 quae
426 3028 502 3086 dedit
516 3046 572 3080 una
586 3028 697 3089 locum3

77 3101 148 3154 'lam
163 3096 234 3150 mihi
247 3115 312 3149 cara
325 3099 429 3149 Tomis:
447 3098 534 3167 patria
552 3114 623 3167 quae
635 3097 700 3148 sede
713 3094 816 3165 frigatis

111 3171 234 3235 Tempus
247 3167 282 3217 ad
294 3166 350 3220 hoo
361 3167 440 3218 nohis
453 3167 562 3236 hospita
577 3167 634 3217 fida
648 3172 750 3239 manet.

78 3240 111 3291 Di
121 3236 208 3289 modo
222 3235 366 3301 fecissent,
383 3233 510 3303 placillae
523 3251 601 3304 spem
615 3242 708 3302 posset
718 3232 822 3285 hahere

111 3307 207 3373 Pacis,
226 3313 253 3357 et
264 3321 280 3356 a
291 3303 384 3376 gelido
395 3305 505 3377 longius
519 3320 569 3355 axe
582 3305 667 3356 foret.

996 412 1033 467 2⁰
