2334 3842
182 266 391 353 ansatur
410 263 568 321 ΡΟΝΤΘ
593 255 679 321 LIB.
699 269 751 323 111.
773 268 833 325 ΕΡ.
855 269 879 324 Ι.
964 269 1026 335 261

74 411 166 463 Morte
183 409 253 463 nihil
270 413 406 480 opacent,
430 408 471 461 nil
486 410 636 464 icariotids
651 412 719 468 tela.

110 479 232 532 Caesaris
246 488 277 529 at
287 477 387 531 coniux
402 496 451 531 ore
467 480 609 547 precanda
622 490 681 535 tuo.

74 549 153 613 Quae
168 556 290 617 praestat
299 548 400 600 virtute
414 564 471 613 sna,
496 566 532 601 ne
544 550 637 618 prisca
649 559 772 603 vetustas
977 554 1028 612 115

108 616 203 669 Laude
220 615 370 687 pudicitiae
381 616 493 669 saecula
509 628 606 671 nostra
627 629 745 689 premat.

74 687 152 751 Quae
163 685 278 738 Veneris
289 685 422 753 formam,
440 703 532 738 mores
547 689 660 739 Iunonis
671 688 810 757 habendo,

50 757 54 766 ‘
107 754 174 807 Sola
187 763 228 806 est
242 754 355 807 coelesti
368 754 452 825 digna
467 764 580 824 reperta
595 765 668 810 toro.
892 793 895 798 »

74 823 149 889 Quid
164 820 296 893 trepidas,
314 831 342 874 et
355 822 430 876 adire
442 823 544 876 times?
561 842 619 876 non
636 826 723 895 impia
738 828 858 896 Procne,

107 891 212 945 Filiave
231 895 332 945 Ae'e’tae
344 908 415 945 voce
437 892 575 946 movenda
594 903 643 945 tua
656 903 711 946 est:

73 963 134 1016 Nec
148 977 234 1013 nurus
246 961 370 1033 Aegypti,
389 978 442 1013 nec
452 979 532 1014 saeva
547 963 762 1032 Agamemnonis
776 981 863 1033 uxor3

107 1030 243 1100 Scyllave,
261 1047 334 1100 quae
349 1030 455 1083 Siculas
470 1030 584 1102 inguine
598 1040 686 1083 terret
700 1050 802 1104 aquas:

72 1099 241 1170 Telegonive
254 1115 354 1168 parens
368 1100 506 1154 vertendis
523 1109 590 1152 nata
602 1100 714 1171 figuris5

107 1170 218 1221 Nexave
232 1168 351 1220 nodosas
366 1175 457 1240 angue
473 1169 587 1221 Medusa
610 1186 713 1223 comas.

72 1237 186 1293 Femina
200 1237 248 1289 sed
260 1238 400 1305 Princeps,
416 1236 445 1288 in
460 1254 514 1307 qua
527 1240 650 1290 Fortuna
664 1238 762 1293 videre

107 1310 143 1359 Se
158 1306 268 1375 probat,
286 1313 314 1357 et
328 1321 428 1358 caecae
450 1306 568 1359 crimina
581 1307 654 1359 falsa
670 1307 743 1359 tulit.

73 1377 137 1441 Qua
149 1374 219 1427 nihil
235 1374 367 1440 interris,
399 1374 532 1427 adfinem
546 1375 611 1427 solis
628 1376 663 1428 ab
675 1385 750 1443 ortu,

109 1444 223 1509 Clarius,
242 1452 357 1512 excepto
372 1445 495 1511 Caesare,
512 1445 632 1496 mundus
645 1445 740 1501 habet.

72 1512 173 1583 Eligito
185 1522 304 1582 tempus,
321 1521 465 1582 captatum
476 1530 568 1583 saepe,
590 1514 720 1586 rogandi,

105 1585 193 1634 Exeat
205 1581 321 1634 adversa
333 1598 370 1634 ne
387 1591 436 1633 tua
450 1589 526 1635 navis
538 1600 619 1653 aqua.

70 1653 136 1705 Non
151 1667 263 1720 semper
276 1667 367 1703 sacras
379 1650 501 1704 reddunt
512 1652 627 1704 oracula
646 1657 748 1715 sortes3

88 1739 90 1744 ‘
106 1723 222 1789 Ipsaque
232 1737 291 1786 non
306 1721 384 1772 onmi
402 1729 529 1790 tempore
546 1722 613 1773 fana
627 1729 734 1790 patent.

73 1790 142 1842 Cum
158 1797 243 1840 status
264 1788 344 1840 Urbis
365 1789 428 1855 erit,
446 1790 558 1859 qualem
570 1807 645 1843 nunc
656 1805 781 1860 auguror
798 1805 889 1856 (ἰδοῦς’

106 1861 141 1909 Et
160 1857 257 1909 ¹nullus
272 1858 369 1927 populi
383 1860 531 1911 contrahet
549 1875 599 1911 nra
615 1859 711 1911 dolori

73 1928 141 1980 Cum
155 1925 253 1978 domus
265 1928 388 1997 Augusti,
407 1928 524 1997 Capitoli
536 1945 616 1980 more
629 1927 759 1989 colenda,

62 2044 63 2047 ,
105 1998 200 2062 Laeta,
221 1994 296 2065 qnod
314 2004 364 2060 est,
383 2005 411 2048 et
422 1996 465 2057 sit,
482 1997 623 2066 plenaque
632 1998 708 2064 pacis
722 1997 790 2063 eritt

71 2066 144 2118 Tum
157 2063 219 2128 tibi,
246 2062 274 2114 dl
286 2063 399 2130 faciant,
417 2065 537 2116 adeundi
546 2066 627 2133 copia
639 2065 699 2130 fiat,

106 2133 271 2187 Profectura
281 2132 387 2202 aliquid
400 2143 460 2184 tum
471 2142 521 2185 tua
533 2134 620 2185 verba
638 2141 716 2201 puta.

73 2201 181 2272 siquid
230 2210 258 2254 et
272 2202 370 2268 maius,
388 2201 469 2253 differ
484 2210 533 2253 tua
546 2210 659 2270 coepta3
678 2216 804 2272 caveque

108 2276 194 2341 Spem
218 2270 361 2324 estinando
383 2270 568 2339 praecipitare
592 2287 694 2322 meam.

72 2342 131 2394 Nec
142 2357 238 2392 rursus
250 2340 343 2402 iulieo,
361 2339 429 2391 dum
438 2339 474 2390 sit
484 2340 656 2400 vacuissima,
672 2353 802 2421 quaeras.

17 2469 18 2472 Ἴ
108 2410 238 2478 Corporis
251 2409 287 2461 ad
300 2408 407 2460 cultum
422 2409 467 2460 vix
481 2416 563 2461 vacat
582 2408 632 2460 illa
648 2425 699 2459 ans.

74 2478 154 2530 Curia
169 2495 235 2530 cum
249 2478 374 2546 patribus
393 2477 480 2529 fuerit
496 2477 599 2547 stipata
611 2476 755 2542 verendis;

104 2550 158 2599 Per
168 2564 263 2598 rerum
282 2547 395 2598 turbem
407 2555 438 2598 tu
458 2563 570 2616 quentis
582 2555 693 2615 oportet
710 2561 766 2599 eas.

74 2617 144 2669 Cum
159 2615 213 2667 tihi
229 2615 377 2686 contigerit
388 2615 495 2667 vultum
507 2617 619 2668 lunonis
633 2616 721 2683 adire,

106 2688 161 2737 Fac
174 2685 210 2736 sis
222 2700 367 2754 personae,
384 2701 470 2754 quarn
486 2693 594 2749 tueare,
611 2702 730 2740 memor.

17 2813 18 2816 Ἴ
73 2752 129 2806 Nec
144 2753 252 2805 factum
271 2752 389 2804 defende
401 2769 514 2806 meum:
536 2753 613 2805 mala
625 2770 709 2806 causa
722 2749 891 2807 silendaett

105 2822 152 2875 Nil
165 2821 217 2873 nisi
232 2820 368 2873 sollicitae
385 2822 440 2872 sint
453 2831 503 2873 tua
519 2822 605 2874 verba
623 2838 729 2891 preces.

73 2890 144 2943 'lum
163 2889 287 2943 lacrimis
301 2889 438 2941 demenda
449 2907 531 2942 mora
543 2899 599 2942 ests
625 2890 815 2960 submissaque
833 2898 926 2944 terrae

105 2959 147 3011 nd
158 2973 216 3010 non
232 2958 366 3014 mortales
380 2959 495 3011 brachia
509 2959 593 3011 tende
627 2960 705 3010 edes·
783 2989 785 2994 ·
819 2993 822 3000 ·
892 2997 899 3013 ,,
945 2993 963 3006 ..

73 3029 143 3081 Turn
158 3036 223 3098 pete
236 3028 276 3079 nil
293 3027 377 3092 aliud,
396 3044 477 3079 saevo
495 3027 548 3078 nisi
561 2976 689 3080 abloste
701 3026 850 3082 recedam:
882 3039 887 3052 ⁸
922 3059 926 3074 ι

107 3099 222 3149 Hostem
237 3100 389 3148 Fortunam
405 3097 440 3148 sit
454 3097 520 3148 satis
536 3113 594 3148 esse
610 3096 689 3149 mihi.

73 3164 155 3217 Plura
168 3166 281 3236 quidem
297 3165 431 3218 subeunt:
455 3164 504 3219 se'd
516 3166 573 3234 iam
587 3166 699 3217 ttsrhata
711 3165 815 3218 timore

108 3238 182 3287 Haec
195 3245 306 3304 quoque
321 3234 365 3285 vix
382 3236 487 3303 poteris
506 3251 555 3287 ore
567 3242 705 3286 tremente
715 3232 746 3285 lo
774 3234 804 3289 si.

76 3303 202 3372 Suspicor
213 3304 267 3356 hoc
281 3303 383 3356 damno
399 3304 519 3355 tibinon
538 3304 616 3369 fcre;
639 3303 753 3357 sentiat'
777 3319 806 3355 a·
976 3300 1027 3355 155

107 3373 146 3426 Te
161 3373 335 3426 maiestatem
347 3373 522 3443 pertimuisse
534 3388 623 3441 snam
810 3391 812 3397 ⁴
