2334 3842
40 193 75 232 '⁵
147 231 922 326 uxronrourrarauts.1v.ur.v.v1.
972 231 1038 299 283

70 385 148 445 Vivit
164 385 264 453 adhuc,
281 382 427 453 vitamque
438 378 492 438 nti
506 378 739 447 debere'fatetnn

107 460 199 521 Quam
212 456 290 527 prius
307 471 324 506 a
335 453 397 506 miti
412 454 527 504 Gaemre
539 467 642 504 munus
656 451 758 504 habet:

70 528 111 580 Te
127 526 189 592 sihi,
208 541 273 577 cum
287 523 406 595 fugeret,
421 520 544 574 muneri
557 520 631 572 solat
647 538 698 574 ore
709 520 828 590 referre,

106 594 255 648 Barbariae
267 601 342 646 tutas
355 591 510 645 extabuisse
523 590 597 642 tias:
664 643 667 648 ,
849 634 851 637 .

70 665 212 786 Sanpuine
224 662 376 718 Bistonium
391 661 468 731 quod
480 676 539 711 non
549 657 718 727 tepefecerit
732 673 838 727 amun,
1001 656 1037 715 35
1099 702 1102 710 ,

105 736 127 785 Ε
151 752 166 786 e

167 742 245 787 ctum
259 747 328 786 cura
341 731 465 801 pectoris
475 745 535 781 esse
546 728 606 780 tui:

70 802 172 856 Addita
183 811 330 871 praeterea
341 801 415 854 vitae
431 815 544 870 quoque
556 796 647 849 multa
659 795 781 849 tuendae
810 823 811 828 =

12 937 14 940 ι
106 875 232 936 Munera,
247 887 289 924 ne
299 869 425 941 proprias
437 876 597 921 attenuaret
609 879 687 946 opes.

70 943 124 995 Pro
137 941 236 1010 quibus
250 948 282 992 ut
291 940 400 993 metitit
410 939 553 991 referetur
563 945 664 1009 gratia,
680 935 768 1001 iurat,

106 1014 141 1063 Se
152 1010 215 1062 fore
228 1009 400 1079 mancipium
410 1018 522 1077 ternpus
534 1006 564 1058 in
579 1020 664 1057 omne
677 1013 768 1060 tuum.

70 1081 145 1136 Nam
177 1080 236 1133 rius
246 1080 378 1131 umbrosa
390 1078 528 1131 carituros
539 1076 642 1130 arbore
656 1082 776 1142 montes,

105 1152 140 1203 Et
148 1097 227 1201 tii-eta
238 1148 370 1204 velivolas
381 1165 439 1200 non
451 1146 583 1199 habitura
596 1152 681 1209 rates,
720 1149 724 1160 '

70 1218 301 1289 fulminaque‘in
312 1217 407 1282 fontes
417 1231 502 1269 curru
508 1215 635 1267 reditura
648 1212 765 1282 supin03

107 1288 205 1341 Gratia
215 1303 301 1357 quarn
312 1287 408 1339 meriti
418 1288 507 1356 possit
518 1284 598 1337 abire
608 1282 662 1335 tui.

72 1358 148 1411 Haec
161 1357 210 1409 uhi
224 1353 356 1422 dixeritis,
371 1364 465 1408 terret
477 1372 528 1407 sua
540 1354 625 1420 dona,
642 1359 751 1423 rogate.

107 1427 153 1481 Sic
164 1426 250 1480 fuerit
260 1435 369 1479 restrae
379 1425 463 1478 causa
476 1426 592 1495 peracta
606 1421 677 1476 viae.

449 1529 658 1556 Μ

309 1585 706 1666 EPISTOLA
754 1593 809 1663 VI-
971 1699 976 1708 ¹

421 1716 684 1771 sauro

155 1799 161 1830 i

75 1786 185 1896 Quam
198 1837 280 1911 legis,
296 1851 330 1892 ex
345 1837 469 1891 illis-tibi
480 1838 558 1890 venit
572 1835 699 1906 epistola,
715 1838 810 1905 Brute,

106 1911 248 1961 Nasonem
264 1908 354 1961 nolles
366 1908 396 1961 in
408 1909 509 1977 quihus
523 1923 592 1973 esse,
608 1906 688 1959 locis.

71 1977 136 2044 Sed,
148 1986 180 2030 tu
191 1977 267 2048 quod
279 1978 378 2043 nolles,
386 1977 481 2030 ‚voluit
491 1976 651 2029 miserabile
662 1976 763 2030 sanun.

106 2048 160 2101 Hei
172 2047 252 2117 mihi,
270 2047 332 2115 plus
343 2046 422 2111 illud,
440 2063 526 2116 quam
538 2055 591 2098 tua
606 2053 681 2111 vota,
697 2045 790 2097 valeti

72 2119 106 2171 In
120 2117 234 2186 Scythia
245 2117 328 2174 nobit
339 2115 524 2186 quinquennis
538 2113 680 2195 Olympias
692 2123 758 2166 acta
768 2123 823 2167 ert:
856 2131 858 2137 ·

107 2189 169 2240 Iam
180 2195 290 2256 ternpus
301 2185 384 2237 lustri
393 2185 494 2240 &aaut
505 2186 536 2237 in
547 2184 671 2237 altanus.
874 2195 876 2202 ’

72 2256 182 2311 Perstat
193 2256 269 2308 enim
279 2259 400 2307 Fortuna
412 2263 505 2323 tenax,
521 2254 648 2324 uotisque
660 2251 817 2325 malignum

108 2325 232 2395 opponit
244 2324 488 2378 nostris-insidiosa
497 2324 608 2394 pedem.
806 2370 808 2374 .

73 2396 172 2448 certus
196 2412 257 2447 eras
271 2411 323 2463 pro
335 2409 390 2460 rne,
408 2395 509 2447 Fabiae
525 2394 581 2460 lux,
600 2391 729 2458 Maxime,
746 2392 847 2474 gentis,

108 2467 222 2518 Numen
234 2464 270 2516 ad
283 2470 436 2535 Augustum
450 2463 576 2533 supplica
590 2479 661 2516 voce
675 2462 763 2533 loqur.

59 2533 187 2606 ‘Occidis
200 2542 265 2585 ante
276 2550 390 2604 preces3
409 2549 575 2604 causamque
588 2550 650 2604 ego,
668 2530 912 2608 Maximepmortis,
939 2571 942 2578 ,

109 2606 169 2656 Nec
181 2602 294 2658 fuerans
302 2603 384 2670 tanti,
402 2619 448 2655 me
461 2617 528 2656 reor
543 2615 601 2655 esse
614 2613 690 2656 tuae.

74 2676 136 2726 Iam
150 2672 238 2725 timeo
252 2680 376 2724 nostram
390 2673 523 2743 cuiquam
537 2673 672 2725 mandare
686 2672 823 2725 salutm:

109 2746 205 2812 Ipsum
219 2750 312 2793 morte
323 2750 373 2792 tua
387 2741 509 2794 concidit
519 2741 664 2794 auxilium.

76 2811 213 2880 Coeperat
225 2817 363 2881 Augustus
376 2809 511 2880 deceptae
522 2812 668 2883 ignoscere
683 2809 729 2863 cul
767 2826 797 2874 e;

110 2884 206 2950 Spem,
223 2889 348 2932 nostram
366 2888 455 2934 terras
467 2881 642 2951 desemitque
655 2879 746 2932 simu.

76 2950 167 3015 Quale
180 2958 276 3002 tamen
287 2949 367 3019 potui
380 2949 415 3001 de
428 2950 538 3017 coelite,
555 2954 647 3016 Brute,
664 2949 773 3002 recenti

110 3022 209 3074 Vestra
221 3018 322 3087 procul
331 3018 437 3087 positus
453 3036 567 3073 carmen
580 3020 610 3072 in
623 3035 674 3072 ora
688 3019 762 3073 dedi.

60 3121 63 3132 ·
77 3090 156 3154 Quae
167 3087 257 3158 prosit
269 3087 357 3157 pietas
369 3088 477 3141 utinam
491 3088 573 3152 mihi-3
593 3090 628 3141 sit
669 3088 837 3141 emulorum

112 3162 171 3210 Iam
185 3157 294 3221 modus,
314 3166 343 3209 et
357 3170 453 3209 sacrae
467 3157 564 3210 mitior
575 3158 619 3210 ira
670 3160 748 3212 mus!

78 3227 117 3280 Te
130 3244 243 3298 quoque
256 3226 341 3292 idem,
359 3226 595 3309 liquido‘possum
609 3229 713 3296 iurare,
730 3227 851 3300 precari,

114 3300 135 3348 0
150 3296 221 3364 mihi
233 3312 290 3348 non
306 3296 389 3348 dubia
403 3303 517 3367 cognite
528 3300 611 3349 Brute
625 3305 701 3350 nota.

51 3375 54 3380 ’
78 3365 152 3422 usn
165 3382 232 3421 cum
243 3365 524 3438 praestiterie‘sernm
537 3365 608 3421 mihi
619 3382 731 3440 semper
741 3375 884 3429 emerem

295 3657 310 3690 Ι
