2334 3842
153 236 218 301 248
423 233 454 289 P.
476 230 633 285 OVIDII
653 229 810 288 Nason

120 403 123 410 Δ
170 381 207 440 80
258 381 316 434 Nec
327 378 408 450 potui
422 377 515 447 coepti
526 376 653 447 pondera
663 376 739 429 ferre
752 376 818 432 mei.

221 449 292 515 mic,
311 466 395 519 quam
406 447 511 514 laudes,
530 447 581 498 erit
595 446 719 499 officiosa
733 446 871 503 voluntat.

110 573 113 578 ,
256 520 373 571 Caetera
382 517 500 569 materia
514 515 658 568 debilitata
672 516 773 568 iacent.

223 586 337 652 Quodsi
351 587 426 639 forte
439 585 512 637 liber
526 593 630 637 vestrae
641 585 768 653 pervenit
782 583 818 636 ad
828 600 925 649 aures3

254 655 391 721 Tutelam‚
409 654 522 719 mando,
540 652 641 705 sentiat
652 653 702 705 ille
711 663 800 706 tuam.

169 724 205 784 85
221 725 282 778 Ηοο
293 725 346 777 tibi
357 725 477 790 facturo,
495 721 541 774 vel
555 722 578 774 ei
591 739 647 775 non
661 722 720 792 ipae
736 737 878 794 rogarem,

255 793 377 850 Accedat
389 791 516 844 cumulus
529 792 620 862 gratia
633 801 727 843 nostra
736 790 814 845 levia.

219 863 283 918 Non
299 879 351 933 ego
363 862 527 925 laudandus,
544 860 593 912 sed
605 869 654 912 tua
667 870 792 931 pectora,
808 860 893 929 lacte,

254 934 288 984 Et
300 948 357 983 non
374 931 483 983 calcata
503 929 666 982 candidiora
674 930 747 982 nive.

220 1000 385 1070 Mirarirque
400 1000 479 1066 alica,
497 1016 563 1052 cum
577 999 614 1051 aia
627 998 764 1051 mirabilia
774 998 849 1067 ipae3

168 1067 204 1127 40
254 1069 314 1121 Nec
327 1069 431 1121 lateant
445 1078 528 1134 artes,
547 1067 744 1139 eloquiumque
756 1076 847 1121 tuum.

218 1140 258 1192 Te
270 1138 402 1191 iuvenum
416 1140 555 1209 Princeps,
573 1139 620 1190 cui
635 1138 683 1190 dat
694 1137 964 1205 Gennanianomen,

254 1207 419 1277 Participem
432 1206 515 1261 studii
531 1209 629 1259 Caesar
642 1207 745 1259 habere
758 1206 838 1260 solea

199 1297 203 1313 ¹
219 1277 263 1330 Tu
274 1293 368 1330 comes
381 1278 519 1350 antiquus,
536 1284 568 1328 tu
580 1275 677 1345 primia
688 1276 798 1329 iunctus
811 1276 848 1330 ab
859 1274 949 1342 mnia,

129 1399 133 1410 ,
252 1347 367 1415 Ingenio
381 1363 474 1399 morea
483 1346 692 1415 aequiparante,
707 1346 810 1414 placeo.

166 1413 200 1471 45
217 1417 257 1469 Te
272 1415 381 1468 dicente
416 1416 473 1467 rina
485 1415 517 1467 iit
529 1408 658 1496 protinus
670 1414 790 1483 impetur
803 1413 862 1468 illi:

251 1485 345 1554 Teque
361 1434 456 1551 halet,
475 1484 572 1536 eliciat*
586 1483 635 1554 qui
646 1500 696 1535 aua
703 1483 790 1535 verba
802 1484 865 1536 tuit.
883 1505 886 1511 .

217 1554 288 1606 Cum
301 1562 332 1605 tu
348 1552 450 1620 desisti,
467 1552 653 1622 mortaliaque
665 1570 715 1604 ora
729 1553 868 1622 quierunt,

251 1621 348 1673 Glauca
387 1639 469 1674 enon
484 1622 569 1694 longa
583 1622 745 1674 conticuere
755 1637 853 1687 mom

217 1691 312 1760 Surgit
326 1693 358 1742 lii
370 1707 403 1742 eo
418 1691 524 1743 iuvenis
537 1690 705 1761 cognomine
720 1689 827 1761 dignus,

165 1756 201 1813 50
253 1757 346 1823 Qualia
361 1760 397 1811 ab
411 1761 472 1811 Eiiis
485 1759 600 1812 Lucifer
615 1759 669 1811 exit
681 1758 768 1829 aquia.

214 1828 343 1897 Dumque
357 1827 440 1879 silens
455 1828 552 1892 adstat,
570 1836 657 1880 atatue
671 1837 712 1880 est
724 1827 871 1897 uultusque
885 1825 987 1893 diserti,

93 1945 96 1950 ,
119 1937 123 1944 .
251 1900 389 1977 Spemque
403 1895 503 1949 decena
516 1897 615 1949 doctae
627 1897 704 1949 vocis
715 1896 833 1949 amictui
845 1895 938 1950 habet.

142 2005 144 2008 v
214 1966 288 2031 Mox,
306 1965 355 2017 ubi
369 1964 449 2033 pnlaa
461 1981 541 2018 mora
554 1974 606 2033 eat,
624 1974 653 2017 at
672 1982 708 2017 ue
720 1982 751 2019 oa
767 1964 888 2017 coeleste
898 1966 1023 2032 solutum,

249 2035 310 2087 Hoc
323 2038 442 2103 Superos
454 2035 525 2087 iures
540 2051 620 2087 more
633 1984 723 2087 cellere
735 2034 823 2115 loqui.

163 2096 198 2156 56
215 2105 315 2173 Atque,
330 2104 406 2155 Haec
421 2112 470 2169 eat,
488 2103 572 2170 dicas,
588 2104 721 2156 facundia
733 2103 862 2173 Principe
873 2102 971 2175 digna:

248 2172 365 2243 Eloquio
379 2181 489 2225 tantum
499 2173 653 2226 nobilitatis
665 2173 746 2226 ineat.

213 2241 286 2294 Huic
297 2251 328 2293 tu
342 2259 406 2294 cum
422 2241 540 2311 placeas,
560 2251 588 2294 et
601 2242 706 2294 vertice
717 2241 809 2294 sidera
819 2249 927 2312 tangas,
973 2263 977 2270 ¹

248 2310 357 2379 Scripta
370 2320 465 2363 tamen
479 2312 594 2382 p'rofugi
603 2311 674 2364 vatis
685 2310 815 2364 habenda
827 2320 917 2379 putea.

213 2379 327 2432 Scilicet
339 2380 457 2452 ingeniis
472 2381 565 2450 aliqua
577 2389 619 2433 eet
630 2380 782 2433 concordia
792 2380 904 2447 iunctio,

161 2441 197 2499 60
246 2449 280 2500 Et
294 2450 608 2502 cervatatudiifoedera
658 2449 803 2519 iaqueaui.

211 2516 338 2569 Ruaticue
352 2517 513 2587 agricolam,
531 2467 685 2571 milesffra
699 2518 774 2572 bella
784 2527 940 2588 gerentem,

246 2587 396 2637 Rectorem
409 2586 510 2639 dubiae
524 2587 618 2640 navita
631 2588 730 2657 puppii
743 2596 829 2640 amat.

211 2653 255 2707 Tu
271 2671 382 2734 quoque
394 2655 532 2707 Pieridum
547 2656 648 2724 studio,
665 2655 796 2723 studiose,
812 2653 930 2721 teneria3
996 2675 999 2678 ·

246 2724 415 2794 lngemoque
431 2723 517 2791 faves,
533 2726 686 2795 ingeniose,
703 2742 777 2778 meo.
794 2765 796 2768 -

159 2785 194 2844 65
208 2787 297 2842 Dictat
310 2809 379 2861 opus
393 2802 535 2856 nostrum
553 2795 602 2847 aed
616 2794 739 2847 fontibua
752 2793 807 2846 exit
820 2793 855 2846 alr
867 2791 969 2862 indatur

240 2860 316 2912 'Artie
330 2870 358 2913 et
370 2863 506 2933 ingenuae
519 2863 612 2916 cultor
625 2872 742 2933 uterque
757 2880 860 2917 eumue.

207 2925 330 2995 'thyrsus
341 2930 416 2983 enim
430 2932 516 2996 vobio,
535 2941 642 3002 gestata
657 2941 699 2985 eat
709 2932 806 2985 laurea
818 2931 914 2995 nobia3

245 2996 299 3048 Sed
309 3006 404 3050 tamen
420 3001 555 3053 ambobus
571 3001 654 3053 debet
664 3003 752 3054 inerae
765 3001 853 3056 calor.

209 3067 301 3144 thue
313 3068 381 3119 meis
392 3069 516 3121 numeria
531 3078 579 3122 tua
593 3069 641 3121 dat
654 3069 785 3122 facundia
799 3084 915 3134 nervon

158 3129 194 3184 70
243 3136 287 3184 Slc
300 3135 374 3186 venit
387 3152 403 3186 a
416 3137 495 3188 nobie
507 3137 535 3188 in
549 3146 599 3190 tua
613 3139 699 3191 verba
712 3139 796 3192 nitor.

207 3200 272 3251 Iure
283 3200 369 3269 igitur
381 3203 473 3255 studio
484 3205 605 3258 confinia
614 3209 738 3260 carmina
747 3214 849 3272 veno,

243 3269 276 3318 Et
291 3268 450 3320 commilitii
460 3288 539 3323 sacra
552 3276 655 3327 tuenda
666 3284 754 3345 putea.

209 3331 262 3386 Pro
277 3334 547 3408 quibuaut'maneat,
564 3341 668 3415 dequo
680 3343 809 3413 censerit,
825 3342 942 3409 mour,
