2334 3842
197 197 427 288 ax‘eouso
449 231 588 287 amsa.
616 232 697 286 ΜΒ.
718 231 754 288 11.
777 231 834 286 aa.
856 233 923 290 na.
962 233 1026 302 245

108 380 198 432 Instar
210 386 238 430 et
252 377 325 431 hauc
337 376 424 436 sitam
435 377 534 442 mortiq
546 376 650 431 hahere
664 386 740 447 puta.

73 446 229 500 Pirithoum
239 447 359 499 Theseus
372 447 478 518 Stygias
491 441 634 499 comitavit
645 448 680 499 ad
692 446 793 499 undas:

106 520 130 567 A
143 516 243 586 Stygiis
257 525 393 585 quantum
404 534 462 569 sors
474 533 538 568 mea
548 516 631 568 distat
646 516 738 586 aquis!

72 584 169 637 Adfuit
182 586 278 640 insano
291 583 399 638 iuvenis
413 585 535 642 Phoceus
548 589 675 638 Orestae:

105 656 140 706 Et
153 670 218 706 mea
230 671 288 706 nou
298 654 447 706 minimum
462 655 545 723 culpa
556 654 658 706 furoris
670 653 762 708 habet.
805 691 807 695 Α

71 722 237 792 Tu'quoque
249 740 415 843 maqnorum
427 722 523 775 laudes
536 722 652 775 admitte
662 725 802 787 virorum3

101 795 197 861 'thue
211 792 289 858 facis,
317 808 393 860 apso,
411 809 496 862 quam
511 800 599 860 potes,
618 791 688 843 affer
703 808 795 859 opem.

70 858 98 910 Si
114 859 187 913 bene
201 869 231 913 te
242 860 317 928 novi,
335 861 367 927 si,
386 861 461 930 quod
477 862 554 929 pn'us
570 877 628 912 esse
640 859 757 928 solebas,

102 931 184 982 Nunc
197 947 308 1000 quoque
322 946 360 995 es,
379 938 462 999 atque
477 929 564 982 animi
574 947 631 981 non
645 929 771 982 cecidere
783 929 844 996 tui3

24 1049 27 1058 ‚
71 998 130 1060 Quo
148 998 263 1051 fortuna
275 1000 364 1070 magis
377 1000 470 1064 saevit,
486 998 576 1117 malqis
586 998 645 1066 ipse
659 997 769 1067 resistis,

102 1070 196 1137 thue
212 1068 301 1134 decet,
317 1084 353 1119 ne
365 1076 394 1120 te
407 1067 506 1119 vicerit
519 1068 528 1119 i
552 1084 576 1132 a,
595 1083 683 1118 caves.

67 1133 101 1186 Et
113 1136 185 1189 bene
200 1137 240 1188 uti
254 1153 371 1208 pugnes,
388 1137 460 1189 bene
473 1152 599 1206 pugnans
612 1135 698 1187 efficit
710 1135 804 1188 hostis.

100 1204 145 1257 Sic
159 1204 256 1257 eadem
266 1204 381 1274 prodest
393 1222 484 1272 causa,
502 1212 641 1273 nocetque
656 1203 734 1258 mihi.

27 1335 29 1338 ι
67 1273 179 1327 Scilicet
189 1274 344 1346 indignum,
361 1273 466 1326 iuvenis
480 1272 627 1339 rarissime,
645 1273 732 1341 ducis,

99 1345 140 1394 Te
157 1342 219 1395 fieri
235 1342 368 1396 comitem
382 1342 480 1394 stantis
495 1342 524 1394 in
538 1342 606 1395 orbe
619 1341 695 1395 deae.

66 1411 173 1464 Firmus
185 1429 227 1475 es;
247 1421 276 1465 et
289 1411 421 1486 quoniam
437 1429 494 1463 uon
508 1408 574 1463 sunt'
588 1428 628 1477 ea,
646 1410 740 1480 qualia
751 1408 846 1479 velles,

98 1480 168 1536 Vela
180 1482 255 1551 regie
268 1497 381 1551 quassae
397 1480 604 1551 qualiacunque
616 1481 692 1534 ratis.

66 1551 197 1619 Quaeque
208 1551 248 1602 ita
263 1567 398 1602 concussa
413 1558 461 1614 est,
479 1549 581 1602 utiam
598 1565 697 1601 casura
709 1554 831 1617 putetur,

24 1619 26 1630 '
58 1669 63 1675 ,
96 1621 191 1670 Restat
203 1618 295 1671 adhuc
307 1618 430 1671 humeris
445 1618 517 1670 fulta
529 1618 611 1670 ruina
622 1618 693 1670 tuis:

64 1688 107 1739 Ira
120 1688 234 1757 quidem
244 1688 336 1807 qrimo
351 1688 445 1740 fuerat
455 1697 504 1756 tua
517 1686 597 1754 iusta,
612 1704 665 1740 nec
677 1686 737 1756 ipso

96 1757 208 1824 Lenior,
226 1775 242 1809 ο
266 1774 346 1809 ensus
359 1756 407 1827 qui
420 1756 489 1810 mihi
503 1755 563 1808 iure
579 1755 642 1809 fuit.

65 1824 171 1894 Quique
185 1825 267 1877 dolor
279 1835 376 1894 pectus
388 1825 522 1895 tetigisset
534 1825 656 1890 Caesaris
669 1823 728 1891 alti,
765 1830 776 1862 ‘-
808 1830 814 1845 '

95 1894 178 1946 Illum
192 1894 303 1946 iurabas
316 1895 441 1963 protinus
456 1910 513 1946 esse
523 1902 613 1947 tuum.

24 1975 25 1990 ³
65 1964 98 2014 Ut
109 1972 205 2016 tamen
216 1955 311 2016 audita
326 1972 367 2015 est
383 1972 494 2015 nostrae
507 1963 557 2014 tibi
570 1962 656 2016 cladis
671 1963 767 2034 orig03

95 2031 201 2092 Diceris
214 2032 312 2084 erratis
326 2032 495 2103 ingemuisse
506 2032 585 2084 meis.

63 2100 131 2153 'liam
144 2110 194 2153 tua
206 2118 253 2153 me
282 2100 385 2152 rimam
397 2100 482 2153 solari
495 2098 589 2151 littera
604 2099 706 2167 coepit,

94 2172 129 2221 Et
139 2170 245 2223 laesum
257 2119 337 2222 iiecti
353 2185 432 2237 spem
447 2165 514 2220 dare
529 2185 609 2236 posse
624 2168 718 2219 deum.

63 2239 144 2296 Movit
160 2237 300 2292 amicitiae
314 2247 374 2290 tum
385 2247 413 2290 te
428 2236 583 2290 constantia
596 2235 707 2306 longae,

84 2305 161 2360 'Ante
177 2317 241 2361 tuos
252 2316 328 2359 ortus
382 2323 414 2358 ae
428 2305 497 2358 mihi
510 2314 612 2374 coepta
624 2304 687 2367 fuit3

63 2374 93 2427 Et
106 2376 181 2446 quod
193 2394 254 2429 eras
270 2376 330 2428 aliis
353 2383 439 2443 actus,
456 2374 526 2427 mihi
539 2384 620 2426 natus
635 2373 755 2427 amicus:

93 2445 228 2516 Quodque
238 2445 290 2498 tihi
305 2445 337 2498 in
348 2445 425 2498 cunis
436 2444 531 2497 oscula
544 2443 636 2524 prima
648 2441 720 2495 dedi.

66 2513 152 2581 Quod,
170 2532 236 2584 cum
248 2523 340 2566 vestra
354 2513 452 2567 domus
465 2521 566 2565 tenens
579 2512 648 2564 mihi
661 2527 772 2580 semper
783 2509 819 2564 ab
832 2510 909 2564 aunis

92 2579 170 2635 Culta
183 2583 227 2647 sit,
246 2600 304 2635 esse
319 2590 398 2638 vetus
412 2599 489 2635 nunc
501 2581 553 2635 tibi
568 2599 603 2634 co
623 2599 656 2632 or
668 2597 747 2634 onus.

62 2650 102 2704 Me
118 2660 180 2705 tuus
192 2652 241 2704 ille
252 2660 341 2733 pater,
363 2651 457 2704 Latiae
469 2600 736 2721 facundiaiinguee,
978 2647 1011 2701 7⁵

93 2720 171 2790 Quae
184 2738 242 2780 non
254 2720 526 2774 1nferiornobilitate
537 2720 600 2786 suit,

61 2787 161 2842 Psimus
174 2799 206 2842 ut
211 2789 344 2842 auderem
360 2789 534 2841 committere
548 2787 674 2841 carmina
684 2789 796 2853 Famae,

91 2858 215 2927 Impulit:
232 2858 336 2929 ingenii
349 2857 402 2910 dux
418 2858 473 2910 fuit
483 2857 531 2909 ille
543 2857 609 2909 mei.

61 2925 122 2993 Nec,
142 2944 197 2997 quo
210 2927 247 2979 sit
261 2928 385 2995 primum
395 2926 474 2979 nobis
490 2935 643 2993 atempore
655 2922 753 2989 cultus,

93 2995 233 3049 Contendo
243 2995 361 3048 fratrem
373 3012 453 3065 posse
466 2994 572 3047 referre
588 3002 678 3058 tuum.
972 2992 1007 3046 80

60 3059 95 3114 Te
109 3072 202 3118 umen
217 3073 281 3117 ante
295 3080 390 3117 omnes
404 3065 443 3116 ita
458 3080 520 3115 sum
533 3061 703 3133 complexus,
719 3067 752 3112 ut
764 3065 833 3111 unus

91 3133 218 3194 Quolibet
229 3134 260 3184 in
270 3150 336 3200 casu
346 3133 440 3213 gratia
453 3140 547 3183 nostra
560 3130 644 3182 fores.

61 3198 155 3255 Ultima
167 3219 213 3254 me
227 3210 323 3254 tecum
335 3202 415 3266 vidit,
435 3201 603 3269 moestisque
616 3197 745 3250 cadentes

90 3269 156 3324 Exce
176 3270 199 3322 it
209 3270 339 3323 lacrimas
352 3269 428 3321 Italis
445 3286 495 3321 ora
508 3267 594 3338 genis.

24 3355 26 3364 ’
61 3334 123 3391 Cum
137 3288 189 3393 cii
203 3337 356 3410 quaemmi,
375 3354 444 3392 uum
457 3354 537 3390 verus
551 3335 664 3389 nuntius
679 3341 748 3386 esset
967 3333 1000 3390 85
