2334 3842
153 241 238 311 142*
353 246 368 293 .’
422 243 455 296 Ρ.
478 239 842 333 ovtuttueuottts
899 273 902 277 <

110 439 113 444 ,
257 385 351 441 Prima
364 385 443 436 bouis
457 385 542 435 animi
554 362 809 452 conspiceremus
860 384 888 413 ·'
930 385 935 393 '
987 428 1020 445 Ἰ,

172 455 206 509 35
223 457 474 522 Quantumcunque
489 462 584 504 tamen
599 453 750 520 praeconia
764 461 861 505 nostra
871 454 1016 521 valebuut3

257 523 428 581 Carminibus
441 522 515 574 vives
528 532 640 596 tempus
652 522 682 573 in
695 539 779 575 omne
794 523 872 576 meis.

527 665 739 686 m
773 686 775 697 Ι

442 750 851 862 seseitvn'

224 899 266 979 St
281 929 341 997 quis
354 928 439 980 habes
455 930 556 981 nostris
570 929 672 983 similes
688 928 717 983 iu
733 929 854 1000 imagine
869 931 976 997 vultus;

258 999 343 1048 Deme
356 1000 426 1050 meis
437 997 569 1060 hederas,
587 999 721 1051 Bacchica
734 1009 824 1065 serta,
842 1000 938 1051 comis,

223 1068 278 1116 Ista
292 1066 391 1117 decent
403 1066 492 1118 laetos
505 1067 599 1118 felicia
614 1068 692 1137 signa
707 1070 825 1135 poetas(

257 1136 438 1201 Temporibus
455 1153 513 1186 non
528 1145 569 1187 est
582 1145 648 1204 apta
661 1153 765 1187 corona
776 1136 875 1192 meis.⁴
916 1178 919 1185 Δ
964 1182 968 1187 .
1032 1160 1036 1165 ·
1117 1166 1121 1177 ·

124 1230 127 1253 i
190 1205 206 1258 5
223 1204 299 1255 Haec
311 1203 362 1255 tibi
375 1203 546 1269 dissimulas,
563 1205 768 1271 sentistsmen,
786 1206 908 1274 optime,
926 1204 991 1271 dici,
1024 1232 1028 1237 ·

257 1276 288 1323 In
304 1272 391 1342 digito
404 1273 452 1342 qui
464 1290 510 1325 me
526 1274 637 1343 fersque
651 1273 801 1343 refersque<
813 1283 872 1326 tuo.
907 1314 909 1318 »

138 1392 141 1403 ,
226 1341 409 1410 Effigiemque
422 1359 514 1393 meam
527 1343 606 1394 fulvo
621 1343 782 1412 complexus
793 1343 822 1394 in
836 1359 906 1395 miro
1000 1374 1003 1382 .
1054 1386 1057 1393 .

259 1411 327 1460 Cam
340 1410 472 1480 relegati,
492 1429 547 1479 qua
560 1421 656 1479 potes,
668 1429 724 1462 ‚ora
734 1412 819 1467 vides.
855 1418 858 1462 3

224 1482 301 1541 Quae
315 1481 422 1547 quoties
434 1488 555 1548 spectas,
574 1481 673 1531 subeat
685 1481 737 1532 tibi
751 1480 843 1533 dicere
856 1480 975 1549 itu‘satn,v

175 1552 207 1601 10
259 1550 348 1609 Quam
359 1549 588 1615 proculanobis
603 1552 675 1601 Naso
690 1549 791 1600 sodalis
803 1550 898 1602 obest!
975 1596 979 1602 .
1037 1615 1040 1621 .

223 1618 308 1667 Grata
321 1626 369 1667 tua
384 1626 425 1668 est
440 1618 542 1684 pietas:
560 1618 609 1668 sed
623 1618 747 1669 carmina
762 1619 853 1670 maior
867 1618 962 1688 imago
999 1660 1014 1666 ,.

257 1688 412 1749 Suntssxnea,
429 1702 500 1754 quae
517 1686 619 1737 mundo
634 1687 838 1755 qualiscunque
852 1686 944 1756 legas3

173 1798 176 1805 .
225 1753 353 1804 Carntinu
366 1763 486 1804 mutatas
503 1753 650 1806 hominum
664 1756 785 1808 dicenti-a
796 1757 917 1813 formas:

256 1821 480 1873 Infelix¹domini
497 1824 573 1892 quod
584 1824 653 1895 fuga
667 1825 744 1892 rupit
758 1841 774 1876 o
796 1842 835 1877 us.
912 1858 913 1861 =

175 1892 207 1945 15
226 1892 301 1944 Ilaec
315 1907 366 1961 ego
380 1890 537 1958 discedens,
556 1892 629 1944 sieut
641 1894 713 1946 bene
728 1910 757 1945 m
800 1910 817 1945 a
828 1909 977 1960 incertum.
1013 1940 1016 1945 ,,

258 1963 319 2028 Ipse
332 1975 396 2013 mea
406 1960 487 2028 posui
502 1970 625 2013 moestus
639 1963 671 2014 in
683 1962 747 2033 igne
759 1979 853 2018 mauu.
909 2010 912 2015 ,

224 2032 261 2079 Ut
282 2045 317 2080 ue
331 2045 468 2080 cremasse
480 2046 562 2082 suum
575 2030 668 2082 fertur
680 2032 730 2082 sub
745 2030 838 2098 stipite
850 2040 948 2085 natum

169 2120 175 2145 i
209 2160 210 2163 Ἴ
257 2047 397 2164 ihestias,
416 2106 444 2149 et
454 2098 555 2150 melior
565 2109 657 2151 matre
668 2099 753 2151 fuisse
769 2116 864 2163 soror3

223 2165 269 2218 sic
285 2183 336 2236 ego
351 2168 539 2219 non'meritos
549 2185 663 2220 mecum
676 2168 800 2237 peritura
811 2167 923 2221 libellos

172 2235 207 2289 20
257 2236 381 2303 Imposui
391 2236 495 2305 rapidis
508 2237 616 2289 viscera
626 2246 725 2290 nostra
736 2238 827 2308 rogis3

224 2302 275 2358 Vel
308 2303 365 2355 uod
379 2319 456 2356 eram
467 2308 571 2371 Musas,
592 2316 624 2357 ut
638 2307 755 2358 crimina
769 2314 879 2373 nostra,
897 2321 1024 2374 perosus:
1041 2328 1055 2355 ·.

256 2322 309 2424 vii
323 2373 398 2441 quod
413 2373 505 2426 adhuc
520 2391 647 2427 crescens
664 2384 693 2427 et
705 2375 774 2427 rude
787 2392 903 2427 carmen
916 2384 997 2427 erat..

197 2476 202 2489 ,
223 2442 301 2505 Quae
318 2442 450 2510 quoniam
463 2460 519 2494 non
532 2453 597 2495 sunt
608 2444 718 2513 penitus
731 2445 856 2517 sublata,
874 2445 923 2497 sed
938 2447 1051 2503 exstant5

257 2509 385 2561 Pluribus
397 2513 527 2579 exemplis
540 2513 649 2581 scripta·
657 2514 741 2565 fuisse
756 2530 830 2566 reor.

171 2577 206 2632 25
223 2580 304 2634 Nunc
317 2596 418 2647 precor
428 2589 459 2631 ut
470 2581 577 2647 vivant,
596 2592 623 2633 et
635 2588 691 2634 non
705 2583 806 2652 ignava
816 2583 961 2653 legentum
1005 2628 1008 2639 ,
1053 2608 1055 2617 ’

260 2649 321 2698 Otia
334 2646 487 2715 delectent,
506 2649 729 2721 admoneantque
742 2652 807 2705 mei.

223 2719 282 2770 Nec
292 2725 388 2769 tamen
401 2717 450 2768 illa
461 2718 517 2788 legi
527 2729 662 2787 poterunt
673 2720 858 2790 patienterab
872 2720 930 2774 ullo
939 2737 951 2780 ·,·

167 2794 183 2812 '¹
256 2786 369 2839 Nesciet
380 2785 574 2845 bissummam
586 2789 682 2858 siquis
698 2790 791 2841 abesse
806 2804 931 2842 manum.
970 2820 972 2827 ,

222 2854 353 2906 Ablatum
365 2856 466 2907 mediis.
475 2874 543 2924 opus
558 2867 600 2908 est
612 2858 759 2910 incudibus
770 2858 858 2911 istud:

172 2921 208 2977 30
258 2923 354 2975 Defuit
366 2933 394 2976 et
407 2922 624 2994 seriptisultimn
634 2926 702 2978 lima
714 2929 791 2993 meis.
844 2958 847 2961 ·

222 2994 257 3045 Et
270 2993 379 3043 veniam
392 3011 443 3061 pro
456 2995 538 3046 laude
550 3005 632 3062 peto:
649 2996 781 3048 laudatus
789 2995 914 3061 abunde,
928 3022 931 3035 ·

256 3062 320 3111 Non
332 3061 470 3114 fastiditus
483 3064 505 3114 si
516 3064 583 3130 tihi3
599 3065 704 3131 lector,
723 3081 779 3116 ero.
914 3112 916 3119 ,

178 3167 182 3174 .
221 3131 278 3180 Hos
294 3146 405 3197 quoque
418 3146 465 3181 sex
474 3148 583 3199 versus,
601 3133 632 3185 in
645 3135 736 3202 prima
748 3134 844 3186 fronte
856 3132 947 3186 libelli
1016 3166 1019 3173 ·

258 3196 286 3247 si
297 3199 507 3264 praeponendos
519 3203 714 3270 esse-putabis,
730 3204 810 3255 habe.
833 3240 847 3257 .„
894 3248 918 3257 ,.
1039 3236 1041 3245 =

86 3289 91 3297 ·
172 3263 205 3318 35
223 3263 299 3315 Orba
312 3274 427 3330 parente
441 3282 490 3318 suo
505 3269 820 3341 quicunquev'olumina
833 3271 942 3343 mugiet
1031 3282 1052 3313 ‹'

257 3331 304 3382 His
318 3331 417 3385 saltem
426 3344 520 3388 vestra
533 3338 615 3392 detur
623 3341 744 3395 'in-Urbe
752 3341 842 3396 locus.
915 3388 919 3395 .
