2334 3842
316 749 357 817 Ρ.
401 743 599 815 OVIDII
641 741 894 822 NASONIS

223 874 945 966 vEPISTOLARUM

132 1038 172 1122 Ε
276 1033 322 1119 Χ
459 1034 498 1118 Ρ
604 1030 654 1128 0,
751 1029 796 1115 Ν
895 1025 938 1112 Τ
1033 1022 1074 1107 0

203 1207 206 1212 “
408 1211 810 1281 emerserimus.

366 1453 828 1549 epistolii
922 1449 958 1455 ”

465 1606 491 1655 U
532 1604 560 1655 X
601 1606 623 1654 0
662 1604 687 1655 R
726 1605 750 1657 Ι.

209 1692 347 1793 Aequor,
363 1721 470 1773 Iiisonio
499 1720 641 1790 pulsatum
657 1720 765 1792 remige
777 1719 909 1790 primum,

245 1797 375 1859 Quaeque
389 1808 441 1841 nec
458 1790 623 1856 hosteim,
640 1807 694 1843 nec
710 1792 782 1854 nive,
799 1797 884 1857 terre,
901 1805 988 1855 ceres,

211 1860 325 1928 Ecquod
343 1859 394 1910 erit
412 1868 531 1926 ternpus,
557 1876 678 1928 quovos
697 1876 749 1930 ego
768 1861 838 1911 Naso
856 1859 1019 1930 relinquam,

249 1933 279 1979 In
300 1928 391 1979 minus
404 1927 534 1978 hostilem
546 1927 633 1982 iussus
648 1928 724 1980 ubire
739 1927 857 1980 locum?

178 2000 195 2055 5
213 2002 253 2049 An
272 1997 342 2048 mihi
357 1996 487 2050 barbaria
505 1996 652 2049 vivendum
674 2013 785 2064 temper
804 1997 833 2048 in
846 1996 918 2051 istu?

247 2071 332 2135 Inque
349 2066 496 2118 Tomitana
515 2066 622 2120 condar
633 2075 743 2135 oportet
759 2066 867 2117 humo?

211 2138 282 2188 Pace
297 2145 353 2201 tua,
371 2135 394 2187 si
407 2152 459 2203 pax
474 2134 533 2186 ullu
547 2135 660 2200 esttibi,
686 2134 801 2187 Pontice
812 2134 905 2202 tellus,

241 2204 392 2256 ·Finitimus
405 2204 501 2272 rapido
520 2221 605 2273 quam
622 2204 687 2257 terit
698 2203 783 2256 hostis
802 2219 891 2272 equo;

214 2276 284 2326 Pace
298 2283 346 2326 tue
364 2272 462 2324 dixisse
479 2272 581 2338 velim3
611 2282 643 2325 tu
658 2272 779 2342 pessima
797 2272 867 2323 duro

165 2345 198 2399 10
248 2345 311 2394 Pars
328 2360 355 2394 es
368 2341 397 2392 in
411 2341 514 2410 exsilio,
532 2350 564 2394 tu
576 2342 651 2394 mala
668 2350 764 2394 nostru
775 2356 883 2409 graves.

215 2413 256 2462 Tu
268 2428 358 2481 neque
371 2427 420 2463 ver
433 2410 517 2463 sentis
534 2411 658 2466 cinctum
674 2411 794 2463 florente
821 2422 944 2462 coronet

252 2482 293 2531 Tu
307 2496 397 2549 neque
418 2496 572 2532 messorum
593 2496 710 2549 corpora
728 2478 804 2530 nuda
815 2478 910 2548 vides„

188 2563 190 2568 ‘
216 2550 275 2602 Nee
290 2549 340 2600 tibi
353 2548 513 2617 pampineas
525 2557 673 2606 autumnus
685 2546 805 2617 porrigit
823 2564 909 2599 uvas:

254 2620 359 2669 Cuncta
368 2617 415 2669 sed
429 2617 612 2670 immodicum
630 2621 758 2686 ternpore
776 2616 865 2686 frigus
883 2615 994 2668 hahent.
1082 2681 1087 2687 ·

170 2689 202 2744 15
219 2688 261 2739 Tu
277 2686 366 2757 glaeie
378 2686 452 2738 freto
465 2686 559 2738 vincte
572 2695 664 2739 tenes:
685 2696 713 2738 et
727 2686 757 2738 in
771 2701 894 2755 aequore
909 2684 989 2754 piscis

184 2805 188 2810 .
256 2756 378 2808 Inclusus
388 2763 463 2807 tectu
473 2771 555 2823 saepe
572 2756 680 2808 natavit
696 2772 777 2825 equa.

221 2827 279 2879 Nec
292 2824 343 2876 tibi
355 2824 524 2890 suntiontes,
551 2824 642 2878 laticis
653 2824 706 2876 nisi
720 2839 807 2893 paene
822 2821 938 2875 marinis

257 2893 310 2956 Qui
322 2902 403 2961 potus
417 2894 532 2945 dubium
543 2893 722 2946 sistutelutne
742 2891 825 2947 sitim.

223 2963 309 3024 Raro,
333 2979 423 3032 neque
435 2962 505 3014 haec
519 2962 594 3023 felix,
617 2963 646 3015 in
661 2962 762 3031 apertis
775 2961 879 3013 eminet
895 2956 966 3012 ervit

128 3089 131 3096 γ
173 3032 208 3085 20
259 3030 360 3091 Arbon
381 3040 425 3082 ‘et
438 3031 465 3081 in
480 3040 557 3083 terra
573 3042 614 3083 est
628 3030 716 3084 alteru
735 3030 829 3082 forme
849 3028 941 3083 meris.

225 3101 286 3151 Non
301 3097 355 3148 evis
369 3099 544 3166 obloquitur:
568 3100 643 3151 silvis
655 3100 706 3151 nisi
719 3099 742 3150 si
754 3117 809 3168 que
826 3096 941 3169 remotis

262 3172 418 3234 Aequoreos
437 3183 522 3219 rauco
545 3176 656 3238 gutture
675 3177 754 3235 potat
771 3185 865 3237 equas.
887 3187 892 3197 ·

226 3233 328 3287 Tristia
348 3249 399 3299 per
411 3248 512 3286 vacuos
524 3236 640 3289 horrent
652 3236 789 3289 absinthia
801 3249 925 3305 campos,

262 3300 484 3370 conveniensque
499 3320 549 3356 suo
567 3306 663 3358 messii
678 3322 774 3366 emera
785 3305 860 3359 loco.
930 3371 932 3378 s
