2334 3842
123 250 176 319 78j
334 233 337 242 ⁴
395 245 427 305 P,
448 240 603 303 0va}
623 236 832 301 Nasonis·

193 393 281 446 Grata
299 389 400 442 domus
417 386 518 441 Cereri.
553 389 655 441 Multas
672 385 713 439 ihi
729 387 852 456 possidet
867 387 967 454 urben

229 465 261 512 ln
279 460 378 529 quihus
396 466 437 509 est
453 457 530 508 culto
549 456 650 511 fertilis
668 460 766 509 Henna
782 456 852 509 solo.

172 544 174 548 ’
195 529 307 600 Frigida
325 527 478 580 coelestum
492 535 598 579 matres
612 526 747 579 Arethusa
763 533 888 581 vocarat.

230 603 352 652 Venerat
369 595 405 647 ad
421 612 513 649 sacras
534 604 562 647 et
579 596 632 647 dea
648 596 722 647 flava
739 595 831 664 dapes.

128 665 180 725 425
196 668 280 734 Filia,
304 665 443 718 consuetis
460 674 492 716 ut
509 675 573 719 erat·
588 665 723 719 comitata
738 664 846 733 puellis,
950 712 953 717 Α

233 737 350 789 Errabat
366 733 442 785 nudo
460 750 510 802 per
526 752 577 786 sua
593 745 674 804 prata
691 734 770 802 pede.
869 744 872 749 ’
963 768 966 777 ι

199 806 279 862 Valle
297 804 348 855 sub
366 802 499 855 umbrosa
515 802 594 855 locus
611 813 668 869 est,
685 801 957 872 adsperginemulta
1049 826 1052 835 ⁴

235 873 338 925 Usidus
357 889 389 924 ex
407 872 463 922 alto
482 872 631 927 desilientis
649 889 749 941 aquae.

76 970 79 979 ·
198 945 254 996 Tot
270 942 383 994 fuerant
398 940 472 1005 illic,
491 950 560 1010 quot
576 942 663 995 habet
679 949 795 1002 natura,
812 938 937 992 colores:

131 1011 184 1068 430
234 1010 508 1079 Pictaquedissirnili
523 1011 596 1063 flore
613 1011 720 1065 nitebat
736 1009 846 1061 humus.

202 1084 293 1146 Quam
306 1078 391 1131 simul
408 1078 547 1148 adspexit;
567 1080 702 1145 Comites,
721 1077 860 1144 accedite,
879 1074 978 1144 dixit„
1002 1126 1005 1131 .

237 1153 270 1201 Et
283 1166 397 1203 mecum
414 1158 520 1200 vestros
535 1149 608 1200 flore
622 1149 739 1217 replete
748 1147 832 1199 sinus.
868 1166 870 1175 ¹

201 1218 307 1270 Praeda
322 1217 460 1287 puellares
476 1219 584 1269 animos
597 1218 738 1286 prolectat
751 1216 849 1282 inanis,

237 1291 271 1339 Et
286 1305 344 1339 non
360 1287 480 1338 sentitur
495 1287 641 1339 sedulitate
655 1287 747 1341 labor.

128 1354 186 1413 Χ435
203 1359 278 1409 Haec
294 1356 393 1425 implet
408 1356 486 1413 lento
505 1356 629 1408 calathos
648 1373 662 1407 e
679 1355 782 1409 vimine
798 1361 911 1407 tenear.

239 1429 314 1477 Haec
327 1426 481 1494 gremium,
498 1425 575 1477 laxos
590 1425 724 1495 dvegravat
735 1424 785 1475 illa
800 1424 884 1475 sinus.

206 1496 257 1549 Ille
274 1495 343 1565 legit
361 1495 480 1549 calthas:
499 1495 568 1545 huic
589 1502 653 1547 sunt
668 1493 785 1545 violaria
804 1507 906 1547 curae:

239 1564 292 1616 Illa
308 1580 379 1631 papa
395 1581 492 1617 versas
509 1564 638 1615 subsecat
654 1580 746 1633 ungue
764 1578 869 1615 comas.

205 1635 275 1697 Has,
293 1632 463 1699 Hyacinthe,
479 1641 570 1683 tenes:
588 1631 666 1697 illas,
687 1641 849 1695 Amaranto,
867 1628 1000 1683 mererisz

138 1699 191 1759 440
241 1704 306 1752 Pars
322 1701 436 1768 thyma,
453 1718 517 1769 pars
534 1701 654 1765 casiam,
673 1719 737 1769 pars
753 1701 898 1752 meliloton
916 1706 1026 1749 amant:

208 1770 330 1824 Plurima
344 1769 419 1821 lecta
435 1786 499 1820 rosa
517 1778 572 1831 est;
592 1778 621 1820 et
637 1779 702 1822 sunt
717 1771 776 1822 sine
788 1768 905 1821 nomine
921 1768 1014 1821 flores.
1075 1798 1094 1811 11

240 1843 303 1907 Ipsa
320 1856 419 1893 crocos
436 1846 551 1901 tenues,
568 1838 682 1908 liliaque
701 1840 764 1891 albe
779 1839 859 1908 legit.

209 1907 352 1976 carpendi
362 1907 455 1958 studio
470 1907 617 1976 paullatim
633 1906 742 1978 longius
757 1909 830 1970 itur;

244 1981 278 2028 Et
296 1977 439 2029 dominam
456 1994 523 2029 casu
538 1977 617 2029 nulla
633 1987 728 2029 secuta
743 1993 855 2029 sontes..
908 2004 910 2011 ·
988 2022 989 2026 ,
1033 2026 1037 2029 ,

142 2042 193 2103 445
210 2050 288 2099 Hanc
304 2045 395 2110 videt,
410 2054 443 2100 et
459 2046 546 2101 visam
562 2055 680 2114 patruus
695 2046 830 2103 velociter
847 2043 953 2107 arsiam
1092 2080 1096 2091 ι

245 2118 395 2184 Regnaque
413 2115 547 2167 caeruleis
564 2117 593 2168 in
611 2133 660 2171 sua
676 2124 773 2183 portat
789 2114 876 2183 equis.
926 2114 943 2129 ''

211 2185 262 2238 Illa
278 2184 391 2252 quidem
408 2184 561 2249 clamabat,
579 2189 625 2250 Io,
643 2185 786 2239 carissima
802 2193 904 2249 mater,

247 2253 380 2309 Auferor:
405 2252 465 2321 ipsa
482 2271 545 2308 suos
563 2255 773 2323 abscideratque
787 2253 875 2305 sinus.

212 2322 345 2375 Panditur
360 2322 469 2379 interea
482 2322 540 2373 Diti
556 2325 614 2375 via:
632 2323 744 2392 iamque
761 2323 894 2375 diurnum

143 2387 197 2444 450
247 2394 355 2443 Lumen
368 2391 500 2443 inassueti
516 2392 561 2442 vix
576 2393 724 2460 patiuntur
741 2391 813 2460 equi.
903 2450 905 2455 .

214 2463 250 2511 at
266 2460 367 2510 chorus
384 2460 523 2530 aequalis,
541 2454 689 2515 cumulatis
705 2461 777 2515 flore
794 2454 956 2527 canistris,
989 2458 995 2493 ἶ
1050 2488 1052 2495 v
1086 2458 1096 2467 ''

249 2528 438 2596 Persephone,
456 2528 596 2595 clamant,
613 2530 649 2582 ad
664 2540 713 2582 tua
731 2530 806 2581 dona
821 2530 893 2580 veni.
919 2554 926 2561 ·

216 2601 253 2649 Ut
271 2598 390 2649 clamata
405 2597 482 2664 silet,
502 2608 613 2651 montes
627 2599 781 2651 ululatibus
797 2598 931 2665 implent3

250 2669 283 2717 Et
300 2666 405 2717 feriunt
421 2677 529 2719 moesta
544 2678 660 2735 pectora
674 2669 746 2721 nud'
766 2684 860 2719 manu.
1055 2704 1058 2710 -
1080 2728 1083 2733 ¹

148 2733 200 2790 455
217 2736 341 2787 attonita
359 2744 400 2787 est
416 2736 558 2807 plangore
568 2740 665 2797 Carasa
683 2685 769 2790 madh
785 2744 900 2788 venerat
915 2737 1053 2787 Hennams

250 2807 309 2857 Nec
326 2808 484 2873 mora,„Me
500 2806 632 2859 miseram
648 2807 721 2871 fitia,
745 2806 827 2870 dixit,
846 2804 894 2856 uhi
910 2804 976 2858 eslf
998 2850 1002 2857 ,
1046 2846 1048 2853 ,

218 2874 316 2925 Mentis
333 2874 413 2942 inops
428 2875 552 2943 rapitur,
571 2876 666 2944 quales
683 2877 778 2927 audire
794 2873 916 2927 solemus

254 2943 396 2995 Threicias
411 2945 497 3013 passis
510 2945 658 2997 Maenadas
671 2945 713 2996 ire
730 2945 827 2997 comis.
842 2978 845 2985 ·
874 2984 878 2994 i
946 2989 950 2996 .

201 3010 205 3015 ’
220 3014 257 3062 Ut
272 3010 359 3063 vitulo
376 3016 467 3082 mugit
482 3022 532 3071 s'ua
547 3024 638 3066 mater
655 3015 690 3066 ab
705 3015 799 3075 ubere.¹
809 3020 918 3080 raptos

151 3075 204 3134 460
254 3082 288 3130 Et
305 3081 414 3148 quaerit
429 3082 501 3133 fetus
518 3100 569 3150 per
586 3100 683 3150 nemus
701 3100 784 3134 omne
800 3098 881 3133 suast

222 3148 267 3200 Sic
285 3148 351 3216 dea,
370 3165 422 3201 nec
438 3150 540 3203 retinet
556 3154 691 3219 gemitus,
711 3162 738 3204 et
755 3152 970 3203 concita-cursu

256 3221 373 3280 Fertur3
391 3226 418 3269 et
436 3236 451 3271 e
468 3221 573 3289 campis
588 3222 700 3289 incipit,
718 3224 830 3286 Henna,
846 3220 911 3276 tuis.

222 3287 289 3339 Inde
305 3286 536 3354 puellarianacta
552 3299 595 3340 est
611 3291 726 3361 vestigia
741 3290 863 3358 plantae,

178 3398 181 3401 ,
257 3358 291 3406 Et
306 3371 431 3424 pressam
447 3366 517 3410 noto
533 3358 661 3426 pandens
674 3359 746 3413 sidit
759 3358 889 3427 bianum,
911 3398 915 3407 f
