2334 3842
261 278 269 299 ‘
342 264 761 335 protocursorem
968 268 1032 343 ‘ru

105 429 138 479 Et
153 424 272 478 viridem
282 414 370 477 celeri
384 430 430 475 ter
440 420 513 491 pe‘de
524 421 618 491 puisat
628 423 755 479 humum.
835 421 857 435 ”
981 427 1034 487 330

72 498 155 548 Vesta
165 497 257 559 iec'et,
275 492 473 562 placidamque
491 494 567 560 capit
578 508 677 545 secura
692 495 825 566 quietem,

104 565 182 617 Sicut
194 572 256 616 erat
268 563 391 630 positum
404 561 509 630 cespite
521 561 593 613 fulta
606 562 700 630 caput.

73 636 105 684 At
116 634 205 685 ruber
219 633 369 684 hortorum
382 639 474 683 custos
487 631 683 700 Nymphasque
698 631 819 703 densque

106 705 219 783 Coptat3
238 709 266 754 et
279 709 401 752 errantes
417 699 529 768 fertque
541 699 631 751 refert
671 702 793 770 epedes.

73 770 197 840 Adspicit
209 778 239 822 et
250 773 378 830 Vestam3
397 768 529 833 dubium,
546 771 638 838 Nymp
659 787 741 822 omne
751 772 866 841 putarit,

105 844 149 892 An
163 839 260 892 scierit
270 841 396 900 Vestem3
413 837 498 890 scisse
513 837 562 888 sed
576 837 637 906 ipse
648 848 741 911 negat.

74 906 157 979 Spem
171 907 250 977 capit
263 908 445 973 obscoenam,
462 906 619 976 furtimque
632 909 767 961 accedere
776 916 881 975 tentst3

107 981 140 1030 Et
153 977 213 1029 fert
225 992 386 1046 suspensos,
404 976 490 1028 corde
501 976 640 1043 micante4
658 977 769 1048 gratim.

74 1050 154 1100 Forte
169 1051 268 1110 senex,
284 1053 451 1115 queremus
463 1053 543 1112 erat,‘
556 1045 665 1097 Silenus
677 1046 794 1101 asellum

106 1117 243 1187 Liqueret
256 1114 291 1166 ad
305 1115 380 1183 ripas
392 1113 456 1166 lene
467 1115 592 1166 sonantis
604 1130 702 1184 equae.

75 1184 152 1250 Ibat,'
167 1193 203 1236 ut
213 1184 351 1253 inciperet
364 1183 442 1254 longi
454 1182 522 1236 deus
535 1183 723 1252 Hellesponti3

108 1253 310 1323 intempestivo
325 1268 392 1304 cum
403 1252 480 1304 rudit
493 1251 541 1303 ille
557 1268 637 1306 sono.

76 1323 185 1376 Territa
197 1338 268 1375 voce
281 1322 360 1392 gravi
372 1321 462 1391 surgit
474 1321 535 1374 dea.
570 1319 704 1373 convolat
715 1322 807 1375 omnis

106 1392 211 1445 Turba.
245 1393 299 1443 Per
310 1390 427 1443 infestas
440 1390 539 1460 effugit
552 1389 601 1441 ille
617 1390 725 1443 manus.

77 1462 242 1530 Lampsacos
252 1459 427 1512 hoc-animcl
443 1458 526 1511 solite
538 1467 579 1510 est
592 1466 719 1511 mactare
730 1458 848 1529 Priapo:
876 1482 879 1491 ·

107 1536 181 1600 Apta
192 1529 265 1582 esini
276 1527 400 1581 flammis
412 1527 511 1581 indicis
522 1536 586 1579 exta
597 1527 704 1581 doinus.

78 1600 166 1664 Quem
180 1607 229 1665 tu,
246 1598 317 1650 Diva
328 1613 454 1664 memor,
471 1598 506 1650 de
519 1613 594 1666 pane
605 1597 757 1650 monilibus
771 1610 862 1651 omas.

29 1692 30 1709 κ
111 1670 205 1722 Cessat
218 1682 419 1736 opus:vacuaa
429 1667 593 1719 conticuere
603 1666 706 1721 molae.
728 1696 730 1701 ·
838 1668 845 1679 '

29 1734 30 1739 ’
79 1738 212 1804 Nomine,
229 1753 313 1807 quam
323 1735 415 1806 pretio
449 1736 619 1789 celebratior
630 1748 696 1788 arce
706 1735 849 1802 Tonantis,
900 1741 903 1744 ’

110 1807 223 1872 Dicam,
240 1806 353 1858 Pistoris
369 1773 436 1875 quii
450 1805 518 1857 velit
531 1822 581 1857 ara
595 1805 675 1858 Iovis.

28 1904 29 1923 i
80 1875 173 1928 cinctu
185 1875 387 1944 premebuntur
400 1875 527 1926 trucibus
538 1874 674 1943 capitolia
690 1872 788 1927 Gallis:

28 1952 29 2017 ξ
110 1942 351 1997 Fecerat-'obsidio
364 1943 421 1994 iem
433 1943 567 1996 diuturna
580 1943 697 1995 semem.

28 2064 29 2077 q
80 2014 196 2082 Iupiter,
215 2012 250 2065 nd
262 2012 364 2065 solium
379 2014 490 2080 Superis
503 2013 600 2083 regale
610 2011 726 2077 vocatis,

28 2092 29 2135 ἲ
111 2082 220 2152 Incipe,
239 2081 279 2132 ait
292 2081 385 2133 Marti.
416 2081 545 2134 Protinus
557 2081 606 2132 ille
617 2080 721 2132 refert:
899 2136 910 2145 ,

28 2182 29 2219 t
83 2150 189 2204 seilicet
201 2151 331 2221 ignotum
348 2158 406 2214 est,
424 2166 497 2219 quoe
508 2150 544 2200 sit
554 2151 669 2202 fortuna
683 2164 822 2214 meorum,

28 2258 29 2281 q
113 2222 146 2271 Et
159 2218 242 2271 dolor
253 2218 301 2272 liic
316 2218 403 2271 animi
416 2235 486 2271 voce
500 2219 641 2289 querentis
655 2217 737 2288 eget?

28 2294 29 2351 i
84 2288 230 2356 titanes,
247 2296 281 2339 ut
292 2289 416 2341 referem
425 2287 549 2339 breviter
560 2286 636 2339 mala
648 2286 743 2338 iuncta
756 2284 867 2357 pudori,

28 2358 29 2407 i
113 2358 217 2429 Exigis3
234 2356 335 2426 Alpino
349 2360 438 2409 Roma
450 2357 502 2408 sub
515 2356 595 2408 hoste
609 2356 691 2409 iacet.
873 2356 880 2364 “

28 2468 29 2471 ,
84 2425 155 2481 liaeo
167 2435 223 2493 est,
242 2426 289 2492 cui
302 2426 395 2478 fuerat
408 2425 544 2495 promisse
557 2424 683 2494 potentia
695 2438 801 2490 rerum,

28 2542 29 2549 ,
115 2495 238 2564 iupiter?
256 2492 329 2547 lianc
340 2495 423 2546 terris
433 2494 613 2563 impositurus
627 2493 709 2545 eras?

28 2586 29 2605 i
78 2565 195 2634 ,iamque
207 2565 402 2631 suburbanos,
419 2567 608 2633 Hetrusceque
622 2561 751 2614 contudit
763 2574 852 2615 arma.

28 2670 29 2675 ,
117 2636 182 2714 Spes
193 2643 256 2686 erat
268 2633 410 2686 incursu:
427 2650 503 2684 nunc
517 2636 588 2685 Lare
601 2632 681 2702 pulsa
693 2647 743 2683 suo
759 2639 808 2689 est

87 2699 207 2754 Vidimus
220 2710 351 2767 ornatos,
367 2711 463 2753 cerate
473 2718 524 2772 per
537 2701 625 2766 atria,
642 2701 720 2770 picta

118 2773 212 2837 Veste,
228 2770 412 2840 triumphales
426 2771 590 2824 occubuisse
604 2786 692 2822 senes.

88 2837 206 2892 Vidimus
216 2840 320 2892 Iliacae
330 2840 477 2904 transferri
489 2841 608 2910 pignora
620 2843 722 2893 Vestae

119 2909 209 2961 Sedes
231 2911 333 2961 Putant
342 2909 449 2978 aliquos
461 2908 571 2961 scilicet
583 2924 642 2960 esse
654 2907 730 2958 deos.

88 2978 121 3028 tt
133 2977 158 3028 si
166 2978 354 3048 respicerent,
372 2994 429 3047 qua
440 2995 488 3030 vos
502 2977 635 3029 habitatis
647 2976 677 3027 in
692 2988 765 3041 erce,

120 3047 225 3128 Totque
238 3048 338 3100 domos
348 3055 454 3098 vestras
467 3047 612 3099 obsidione
626 3043 732 3114 prerui3

90 3113 133 3165 Nil
146 3132 204 3184 opis
216 3117 246 3168 in
254 3127 328 3168 ‘cura
338 3116 442 3168 scirent
455 3131 599 3184 superesse
612 3115 741 3181 deorum,

121 3186 153 3234 Et
166 3184 231 3237 data
245 3186 366 3238 sollicita
378 3193 442 3236 tura
453 3185 546 3252 perire
557 3200 652 3238 monn.
965 3248 967 3251 Ι

91 3252 174 3321 Atque
185 3256 293 3306 cunam
305 3269 416 3325 pugnae
429 3261 523 3322 pateat
534 3253 627 3305 locus!
646 3269 725 3305 arma
738 3258 899 3322 capessent:
1058 3289 1062 3296 ,

123 3323 168 3383 tt,
184 3323 274 3376 sinon
288 3328 422 3393 poterunt
435 3338 614 3391 exsuperare,
632 3321 743 3374 cedunt.

93 3389 169 3442 Nunc
181 3391 278 3463 inopes
289 3395 397 3461 victus,
415 3392 570 3464 ignavaque
582 3392 642 3444 fata
655 3392 787 3444 timentes
