2334 3842
85 193 87 198 ’
110 283 113 286 ,
158 226 299 282 ue1s'r.
323 226 381 280 ux
399 223 556 282 rouro
575 226 662 281 mu.
683 228 961 283 111.EP.111.·1v..
982 227 1047 296 267

83 373 160 425 Dum
172 372 269 425 faciles
283 370 376 441 aditus
384 370 502 441 praebet
513 371 673 425 venerabile
684 372 838 443 templum

119 441 294 522 sperandum
308 451 417 495 nostras
430 457 511 510 posse
525 441 619 493 valere
631 458 735 510 preces.

83 511 172 575 Dix1t;
193 520 221 564 et
234 507 344 582 aut-ille
358 520 400 563 est
412 518 509 586 tenues
524 510 645 580 dilapsus
657 510 688 563 in
701 528 793 580 auras,

119 582 278 649 Coeperunt
293 596 387 631 seusus
401 588 450 632 aut
461 579 579 651 vigilare
593 579 658 632 mei.

82 649 111 703 Si
124 649 266 715 dubitem,
284 649 354 720 quin
365 649 408 701 his
421 649 530 712 faveas,
548 666 565 701 ο
579 649 716 716 Maxime,
734 648 824 719 dictis,
1009 649 1046 707 95

116 720 284 771 Memnonio,
292 735 397 789 cygnos
412 734 471 770 esse
483 717 579 776 colore
592 726 698 787 putem.
1099 726 1104 736 '

81 786 137 841 sed
151 805 244 859 neque
258 796 383 840 mutatur
394 786 475 858 nigra
488 786 672 860 picelacteus
684 786 802 840 humor:

116 859 191 924 Neo,
210 857 286 927 quod
300 865 361 909 erat
377 856 511 922 candens,
528 856 562 907 fit
573 856 761 923 terebinthus,
780 857 859 911 ebur.

81 926 254 979 Conveniens
267 927 360 979 auimo
394 943 461 979 enus
475 924 597 978 esttibi:
614 925 710 977 nobile
720 942 845 998 namque
911 955 913 957 ·

113 998 231 1061 Pectus,
248 1004 278 1047 et
290 944 444 1049 Herculeae
456 993 644 1063 simplicitatis
654 994 749 1047 habes.
896 1023 911 1050 ι
991 993 1045 1052 100

78 1065 180 1132 Livor,
197 1061 272 1117 iners
286 1065 399 1132 vitium,
416 1080 510 1116 mores
524 1079 582 1115 uon
596 1064 653 1115 exit
664 1064 694 1115 iu
708 1064 794 1131 alt0s5

114 1137 209 1204 thue
222 1134 311 1186 latens
323 1135 380 1186 ima
392 1134 487 1201 vipera
498 1132 586 1201 serpit
598 1132 695 1186 humo,

78 1205 159 1256 Mens
173 1212 222 1254 tua
238 1204 366 1256 sublimis
379 1218 462 1270 supra
477 1218 564 1272 genus
578 1203 683 1253 eminet
696 1203 805 1272 ipsum:
904 1233 911 1254 s

114 1272 253 1324 Grundius
263 1272 378 1342 ingenio
388 1288 441 1328 nec
452 1270 503 1324 tibi
513 1288 618 1322 nomen
630 1271 710 1325 inest.

78 1343 152 1411 Ergo
165 1342 211 1392 alii
220 1352 353 1393 *noceant
360 1340 483 1405 miseris,
503 1348 656 1409 optentque
666 1341 774 1394 timeri:

112 1411 268 1479 Tinctaque
282 1411 412 1463 mordaci
422 1408 531 1478 spicula
541 1408 609 1461 felle
622 1420 731 1479 gerant.

78 1483 114 1532 At
125 1487 174 1531 tua
187 1479 356 1549 supplicibus
370 1479 468 1531 domus
483 1487 524 1529 est
538 1487 646 1531 assueta
658 1479 800 1534 iuvandist

111 1552 144 1602 In
155 1566 279 1621 quorum
290 1566 409 1603 numero
421 1564 468 1601 me
482 1561 584 1616 precor
597 1564 656 1600 essa
670 1549 747 1603 velis.

274 1713 692 1788 .EPISTOLA
733 1716 805 1789 Iu·

444 1843 687 1922 aceruo,⁴

74 1923 236 2013 Haecmbi
250 1977 308 2012 non
320 1975 422 2013 vanam
435 1962 578 2030 portantia
592 1962 679 2014 verba
692 1959 813 2013 salutem

116 2032 191 2081 Naso
204 2029 354 2081 Tomitana
366 2030 454 2081 mittit
469 2031 503 2083 ab
520 2032 591 2083 urhe
606 2039 687 2092 tuus;

75 2101 165 2167 thue
181 2116 232 2151 suo
244 2098 339 2151 faveas
351 2098 482 2165 mandat,
500 2100 616 2164 Rufine,
635 2097 806 2165 Triumphoz

48 2216 49 2219 ,
107 2171 139 2219 In
154 2176 259 2219 vestras
273 2168 349 2220 venit
362 2167 385 2220 si
399 2176 493 2219 temen
507 2169 556 2221 ille
571 2185 679 2221 munus.
880 2231 882 2234 Ι

74 2236 119 2287 Est
132 2252 201 2305 opus
215 2237 359 2306 exiguum,
377 2237 516 2306 vastisque
531 2237 673 2306 paratibus
685 2236 794 2303 impar:

109 2305 197 2368 Quale
210 2315 307 2358 tamen
322 2323 433 2376 cunque
450 2315 506 2372 est,
525 2315 558 2358 ut
569 2316 683 2369 tueare,
700 2322 781 2375 rogo.

74 2374 166 2427 Firma
180 2376 275 2427 valent
288 2392 339 2444 per
353 2393 398 2441 se,
416 2375 582 2456 nullumque
597 2375 752 2427 Machaona
769 2377 920 2443 quaerunt:

106 2444 148 2495 nd
159 2444 302 2498 medicem
314 2445 413 2497 dubius
425 2445 554 2516 confugit
567 2445 653 2515 aegei
665 2460 757 2512 opem,
950 2457 954 2466 “

73 2514 135 2565 Non
150 2530 220 2581 opus
237 2522 278 2570 est
291 2514 401 2584 magnis
412 2515 525 2583 placido
541 2515 649 2566 lectore
664 2512 768 2582 poetis:

107 2582 268 2648 Quamlibet
278 2583 399 2635 invitum
410 2584 610 2654 difficilemque
620 2590 727 2635 tenant.

73 2650 144 2717 Nos,
164 2651 264 2721 quihus
278 2653 421 2721 ingenium
435 2654 513 2723 longi
529 2656 657 2706 minuere
671 2651 792 2719 labores,

50 2743 52 2751 ⁴
105 2724 160 2774 Aut
176 2720 262 2771 etiam
276 2719 385 2772 nullum
398 2722 516 2773 forsitan
528 2731 593 2774 ante
606 2723 668 2785 fuit,

72 2789 182 2843 Viribus
196 2789 316 2855 infirmi,
334 2800 426 2843 vestro
439 2791 560 2843 candore
572 2791 707 2843 valemus.

105 2862 197 2922 Quem
212 2858 281 2910 mihi
298 2860 321 2909 si
336 2860 445 2925 demas,
462 2861 557 2912 omnia
569 2868 651 2928 rapta
661 2868 768 2926 putem·
1076 2915 1079 2920 „

73 2928 232 2997 Cunctaque
247 2944 312 2979 cum
331 2946 395 2980 meu
409 2929 466 2980 sint
477 2945 617 2997 propenso
633 2927 698 2979 nixa
710 2927 818 2993 favore,
1001 2922 1036 2979 15

103 2998 290 3066 Praecipuum
303 2999 401 3050 veniae
415 2997 457 3049 ius
471 2996 555 3049 habet
567 2998 615 3049 illa
629 2996 710 3048 liber.
800 3023 806 3042 ‹

73 3067 233 3138 Spectatum
247 3075 325 3118 vates
336 3067 384 3119 alii
395 3068 531 3137 scripsere
542 3065 727 3134 trirunphum.

103 3136 150 3186 Est
165 3133 271 3204 aliquid
282 3136 401 3189 memori
416 3137 473 3189 visa
485 3146 583 3188 notura
595 3153 690 3187 manu.

72 3201 125 3254 Nos
140 3203 229 3255 ea'vir
242 3205 352 3257 aridam
366 3206 452 3276 vulgo
465 3224 498 3258 ca
517 3214 575 3257 tata
588 3222 639 3273 per
650 3220 748 3256 aurem

104 3271 285 3342 scripsimus:
304 3282 388 3345 etque
404 3276 479 3328 oculi
493 3224 571 3327 ilina
584 3275 664 3326 fuere
679 3273 745 3325 mei.

72 3341 185 3395 Scilicet
195 3342 313 3399 affectus
326 3344 447 3414 similes,
465 3354 515 3399 aut
527 3346 646 3416 impetus
658 3342 744 3410 idem,
803 3402 806 3410 ‚
