2334 3842
156 256 218 322 110
390 262 395 277 ¹
426 259 457 313 a
482 258 634 315 ov1n11
654 237 841 316 nasonis
874 274 876 278 ·

256 405 352 459 Fratre
367 403 464 476 magis,
483 395 590 469 dubito,
608 398 723 474 glorier,
742 418 814 459 anne
831 396 907 459 viia*

222 474 251 528 si
267 491 354 546 genus
370 473 538 543 adspicitur3
556 476 704 524 Saturnum
723 473 815 541 prima
831 482 979 544 parentem

117 595 122 607 ,
169 543 205 600 30
255 542 328 596 Feci.
352 542 463 596 Saturni
476 559 536 603 sors
551 558 603 612 ego
618 541 711 611 prima
723 541 776 596 fui.

221 617 245 666 A
255 621 336 682 patre
352 612 427 666 dicta
439 628 504 663 meo
522 610 664 681 quondam
676 611 805 680 Saturnia
815 613 907 665 Roma
921 622 976 668 est:
1001 608 1003 616 ’

255 681 386 734 Haecilli
399 699 416 734 a
429 680 509 733 coelo
524 679 652 749 proxima
666 689 742 733 terra
755 680 818 734 fuit.
891 734 900 741 ,

222 750 250 802 Si
261 759 339 802 torus
353 749 383 802 in
395 751 486 820 pretio
503 757 557 812 est;
576 748 656 802 dicor
669 757 800 803 matrona
812 751 962 804 Tonantist

253 824 407 889 Iunctaque
421 819 540 889 Tarpeio
552 826 617 870 sunt
631 835 695 871 mea
707 818 814 888 templa
828 820 896 874 lovi.

167 890 202 948 85
219 893 262 940 An
275 889 369 957 potuit
381 889 455 941 Maio
469 887 562 959 pellex
574 886 642 940 dare
654 888 769 940 nomina
783 887 895 942 mensi?

254 959 308 1010 llic
319 958 410 1010 honor
425 959 455 1010 in
468 957 548 1010 nobis
559 955 712 1010 invidiosus
728 956 803 1009 erit?
979 1001 985 1011 „

219 1028 274 1080 Gur
284 1026 371 1098 igitur
382 1027 480 1098 regina
494 1043 591 1091 vocor,
608 1027 706 1095 priuos
726 1043 793 1096 sque
807 1025 952 1080 deumne
1062 1048 1065 1059 ·

254 1101 346 1148 Aurea
356 1114 407 1147 cur
419 1095 532 1148 dextrae
543 1105 655 1165 sceptra
667 1094 685 1146 d
723 1112 770 1147 ere
785 1095 885 1147 meae?
953 1095 962 1115 ‘

220 1169 262 1217 An
278 1165 384 1217 faciant
395 1181 523 1218 mensem
536 1164 623 1229 luces,
640 1164 802 1234 Lucinaque
815 1164 850 1216 ab
863 1162 919 1218 illis

167 1236 204 1292 40
256 1235 352 1297 Dicar3
371 1243 400 1287 et
413 1252 430 1287 a
440 1233 521 1288 nullo
532 1233 648 1287 nomina
659 1250 756 1287 mense
767 1231 899 1286 traham?
935 1253 936 1256 ¹

219 1304 292 1356 Tum
303 1322 349 1356 me
359 1304 504 1374 poeniteat
517 1303 639 1372 posuisse
650 1302 771 1354 fideliter
781 1302 837 1354 iras

199 1402 201 1407 κ
254 1372 285 1424 ln
297 1390 383 1443 genus
396 1373 532 1439 Electrae,
548 1371 772 1441 Dardaniamque
787 1370 912 1425 domum.

220 1442 308 1494 Causa
319 1441 421 1517 duplex
430 1442 498 1494 irae.
527 1443 616 1510 Rapto
633 1440 794 1509 Ganymede
807 1439 954 1504 dolebam

154 1514 158 1525 '
253 1513 354 1563 Forma
366 1528 479 1582 quoque
491 1509 573 1562 Idaeo
588 1508 680 1561 iudice
693 1509 769 1561 victa
781 1525 847 1562 mea
860 1516 910 1562 est.

166 1580 200 1637 45
216 1580 368 1644 Paeniteat,
387 1578 463 1650 quod
474 1596 533 1631 non
543 1578 626 1631 foveo
641 1578 813 1650 Carthaginis
827 1594 921 1643 aroes3

252 1651 321 1701 Cum
333 1666 396 1701 mea
410 1649 466 1701 sint
478 1647 528 1701 illo
544 1665 642 1700 currus
654 1654 682 1699 et
699 1664 779 1699 arma
790 1647 866 1700 loco.

163 1776 167 1783 Ι
215 1719 367 1782 Paeniteat,
385 1722 510 1786 Sparten,
527 1723 679 1788 Argosque,
696 1732 829 1786 measque
846 1718 986 1785 Mycenas,
1081 1734 1085 1743 ·

251 1788 286 1838 Et
298 1795 423 1840 veterem
437 1786 517 1837 Latio
529 1786 703 1854 supposuisse
715 1789 827 1840 Samon.
932 1800 934 1803 ·

218 1854 296 1908 Adde
310 1872 405 1907 senem
418 1855 539 1913 Tatium,
557 1855 788 1925 Iunonicolasque
801 1855 943 1922 Paludes}

166 1927 202 1980 50
252 1928 327 1989 Quos
341 1940 393 1993 ego
405 1924 536 1998 Romanis
550 1924 728 1977 succubuisse
740 1924 801 1977 tuli.

215 1993 270 2046 Sed
282 2010 374 2063 neque
387 1994 545 2062 poeniteat;
563 2010 618 2045 nec
631 2010 698 2064 gens
711 1990 781 2044 mihi
792 1992 887 2046 carior
899 1992 1019 2051 aliaest
1080 2016 1083 2022 ·
1130 1990 1133 1995 ’

251 2063 303 2115 Hic
314 2062 403 2129 colar,
423 2063 470 2114 hic
482 2071 597 2115 teneam
612 2060 678 2115 cuin
689 2065 753 2114 Iove
765 2063 871 2132 templa
883 2078 960 2118 meo.

179 2198 181 2203 Ι
217 2136 276 2203 Ipse
285 2123 353 2185 mihi
365 2135 484 2198 Mavors,
502 2131 677 2185 Commendo
687 2131 808 2198 moenia,
826 2131 911 2200 dixit·

250 2204 325 2254 llaec
337 2201 403 2255 tibi:
421 2210 452 2253 tu
461 2200 570 2270 pollens
582 2201 654 2253 urbe
667 2217 703 2252 ne
724 2200 776 2251 otis
790 2200 857 2254 eris.-

163 2270 198 2326 55
214 2271 295 2323 Dicta
305 2270 375 2324 fides
384 2270 519 2342 sequitur.
541 2271 659 2322 centum
671 2218 849 2322 ceieliramur
862 2268 894 2322 in
904 2269 976 2325 arias

249 2342 308 2392 Nec
319 2339 407 2392 levior
421 2339 518 2410 quovis
531 2348 574 2391 est
587 2339 655 2390 milri
666 2339 769 2391 mensis
781 2338 880 2393 honor.
972 2340 976 2344 ’

215 2408 275 2462 Nec
287 2417 383 2461 tamen
395 2409 471 2460 hunc
482 2408 563 2459 nobis
573 2407 770 2460 tantummodo
784 2417 908 2478 praestat
920 2408 1054 2466 honorem

249 2480 354 2530 Roma:
371 2476 523 2530 suburbani
534 2477 602 2528 dant
613 2476 682 2530 mihi
694 2493 796 2529 munus
808 2477 894 2532 idem.

213 2546 331 2617 Inspice,
347 2563 417 2615 quos
426 2546 530 2598 habeat
540 2546 691 2598 nemoralis
703 2546 795 2598 Aricia
805 2546 904 2615 fastos,

161 2614 199 2672 60
248 2619 281 2668 lit
314 2615 412 2685 opulus
420 2618 555 2678 Laurens,
571 2616 782 2685 Lanuviumque
794 2630 901 2670 meum.

212 2686 261 2739 Est
271 2633 331 2738 iliic
341 2684 443 2737 mensis
455 2683 596 2738 Iunonius.
627 2684 735 2755 Inspice
747 2685 844 2754 Tibur,

246 2757 281 2806 Et
294 2754 488 2807 Praenestinae
500 2754 614 2806 moenia
626 2769 706 2806 sacra
721 2753 805 2819 deae}

213 2822 347 2876 Iunonale
358 2824 434 2895 leges
448 2831 568 2891 tempus.
596 2825 654 2876 Nec
666 2823 801 2875 Romulus
812 2821 876 2876 illas

248 2891 391 2945 Condidit:
408 2901 437 2944 at
447 2892 536 2945 nostri
549 2895 639 2945 lloma
651 2892 761 2961 nepotis
773 2901 846 2944 erat.-

118 3018 121 3021 ,
160 2961 196 3019 65
212 2960 337 3015 Finierat
348 2966 427 3033 luno.
451 2961 637 3030 Respeximus.
662 2961 869 3013 Herculisuxor

246 3030 357 3096 Stabat3
375 3031 444 3083 etin
455 3029 535 3083 vultu
546 3031 625 3102 signa
639 3029 757 3082 dolentis
770 3037 860 3087 erant.

173 3104 175 3109 ’
210 3099 276 3153 Non
289 3115 351 3170 ego,
368 3099 463 3151 sitoto
474 3108 564 3152 mater
576 3114 623 3152 rna
636 3099 737 3151 cedere
752 3098 832 3151 coelo

246 3166 368 3233 Iusserit,
383 3167 470 3220 invita
483 3177 573 3219 matre
583 3168 726 3235 morabor,
744 3167 794 3221 ait.-

211 3236 293 3291 Nune
343 3250 416 3304 oque
428 3252 486 3287 non
497 3235 591 3289 luctor
604 3237 639 3288 de
650 3237 764 3289 nornine
778 3235 913 3307 temporie
925 3234 1019 3295 hum,

159 3306 195 3364 70
244 3303 310 3356 illan
333 3303 382 3368 'or,
401 3310 429 3354 et
440 3312 533 3371 partes
563 3321 632 3357 aene
645 3307 771 3386 rogantis
786 3320 848 3376 ago.

211 3375 338 3446 Itemque
347 3371 407 3425 mei
418 3370 488 3425 iuris
501 3321 601 3428 maian
612 3382 734 3429 teutone
742 3373 906 3445 'pascendae

873 3452 879 3474 l

393 3516 398 3527 1
