2334 3842
145 219 211 286 296
295 265 298 268 .
420 218 844 310 aot-murrasours
936 249 938 254 ,

215 366 280 421 Esse
297 365 365 418 duos
379 365 505 431 iuvenes,
522 365 605 417 firma
619 364 778 418 adiumenta
793 368 928 436 Parentis,

208 465 212 478 ι
252 437 313 516 Qui·
319 435 446 516 dederint
458 436 544 516 animi
558 435 675 554 piglrnora
689 444 765 513 certa
778 436 829 489 sui.

215 508 291 558 Haec
305 506 352 557 uhr
365 522 421 556 non
435 512 526 623 gama
539 521 591 573 per
602 521 646 574 egr
663 512 769 573 scripta
782 506 909 574 Camena,

252 574 334 626 Venit
344 583 375 625 at
388 575 423 625 ad
454 573 537 643 igitos
550 573 649 625 ultima
661 573 757 625 charta
772 590 863 638 meos3

164 644 199 700 85
217 647 249 697 Et
261 651 346 762 caim
361 652 388 694 et
400 642 493 711 plenas
510 659 606 694 omnes
618 657 732 694 movere
745 642 898 712 pharetras,
916 667 926 690 ι

250 716 283 763 Et
306 729 410 792 ongum
424 712 524 763 Getico
537 728 665 762 murmur
676 712 706 762 in
721 729 769 763 ore
782 713 844 766 fuit.

216 789 305 851 Atque
318 781 429 850 aliquis,
448 782 557 833 Scribas
570 782 640 832 haec
654 798 719 832 cum
731 780 765 832 de
780 782 910 849 Caesare,
927 781 1005 851 dixit,

252 850 374 904 bassaris
382 850 503 918 imperio
513 849 697 902 restituendus
707 866 777 902 eras.

216 920 268 973 Illa
282 919 394 989 quidem
411 919 492 982 dixit3
506 918 556 970 scd
567 935 613 970 me
626 918 697 984 iam,
713 921 793 984 Care,
811 919 899 973 nivali

163 987 200 1047 40
252 992 333 1039 Sexta
349 989 504 1059 relegatum
522 988 623 1041 bruma
639 988 690 1040 sub
706 1004 756 1039 axe
769 987 857 1042 videt.

216 1058 344 1109 Carmina
359 1058 399 1110 nil
413 1065 542 1126 prosunt;
560 1065 718 1109 nocuerunt
732 1059 857 1110 carmina
871 1058 1021 1129 quondam,

186 1145 190 1158 ¹
248 1127 397 1196 Primaque
410 1135 470 1178 tam
479 1125 595 1178 miserae
610 1143 691 1178 oausa
704 1126 784 1178 fuere
799 1127 893 1197 fugas.

216 1198 252 1247 at
265 1204 297 1246 tu
310 1211 360 1265 per
373 1194 458 1247 studii
474 1195 635 1247 communia
648 1195 764 1247 foedera
779 1197 862 1264 sacri,

250 1266 302 1327 Per
313 1279 371 1315 non
386 1264 440 1316 vile
453 1264 503 1316 tibi
517 1280 621 1324 nomen
634 1263 788 1329 amicitiae3

154 1334 198 1392 45
216 1332 261 1386 aio
275 1342 357 1402 capto
371 1334 454 1385 Latiis
468 1334 650 1385 Germanicus
662 1333 742 1385 hoste
756 1333 871 1401 catenis,

250 1403 394 1454 Materiam
406 1403 501 1454 vestris
514 1403 615 1454 afferat
626 1402 760 1472 ingeniis3

147 1468 158 1488 ‘
214 1469 259 1523 Sic
271 1471 383 1523 valeant
395 1472 490 1540 pueri,
506 1481 604 1524 votum
617 1488 767 1524 commune
781 1471 908 1537 deorum,

248 1544 323 1603 Quos
334 1536 394 1592 laus'
406 1540 569 1593 formandos
583 1541 688 1593 esttibi
700 1558 803 1611 magna
813 1539 908 1603 daton

207 1611 325 1675 Quanta
339 1618 417 1678 potes
428 1610 533 1679 praebe
544 1619 656 1662 nostrae
668 1618 812 1661 momenta
823 1608 921 1661 saluti=

120 1731 123 1740 f
162 1680 198 1736 50
250 1682 326 1744 Quae
339 1679 392 1731 uisi
403 1687 510 1731 mutato
522 1680 601 1731 nulla
611 1678 707 1730 futura
716 1679 781 1731 loeo
796 1687 845 1731 est.

351 1846 757 1915 E'PISTOLA
800 1837 896 1924 XXIV.

408 1969 830 2024 rurrcauo
918 2031 920 2034 ¹

213 2053 305 2144 Haec
320 2088 372 2142 tibi
386 2089 552 2151 mittuntur,
570 2100 656 2158 quem
669 2104 732 2139 sum
746 2086 833 2139 modo
849 2086 974 2142 carmine
990 2088 1083 2155 questus
1138 2083 1139 2102 ¹

257 2161 319 2212 Non
332 2168 428 2228 aptum
441 2159 565 2212 numeris
580 2172 686 2210 noman'
698 2157 802 2208 habere
817 2157 895 2210 meis.

212 2231 244 2281 In
260 2228 375 2297 mribus,
394 2238 508 2297 excepto
523 2227 599 2297 quod
611 2228 704 2278 adhuc
715 2236 861 2295 utcunque
873 2225 1002 2285 valemus,

246 2297 307 2365 Nil,
324 2305 353 2349 te
367 2307 511 2366 practerea
526 2297 601 2366 quod
613 2297 704 2355 iuvet,
719 2296 851 2349 invenies.

131 2377 137 2388 ‘
155 2417 158 2421 Α
179 2366 196 2422 5
212 2369 274 2436 Ipsa
287 2383 397 2436 quoque
413 2377 454 2419 est
466 2367 554 2419 invisa
564 2366 649 2417 salus:
668 2373 787 2434 suntque
799 2364 900 2417 ultima
911 2370 983 2427 vota,

248 2436 378 2497 Quolibet
393 2452 425 2488 ex
438 2436 496 2487 istis
509 2435 616 2487 scilicet
632 2435 674 2486 ire
687 2433 766 2490 locis.

211 2504 295 2557 Nulla
308 2504 375 2555 mihi
390 2522 456 2557 cura
472 2514 527 2570 est,
544 2514 621 2556 terra
636 2520 720 2573 quam
734 2510 828 2554 muter
838 2511 871 2554 ut
883 2501 950 2556 ista:

247 2576 304 2624 Hac
318 2573 381 2654 qui,
400 2590 484 2642 quam
496 2574 595 2637 video,
613 2574 722 2643 gratior
734 2571 824 2624 omnis
840 2570 902 2624 erit

213 2643 243 2693 In
258 2642 365 2693 medias
377 2645 486 2711 Syrtes,
504 2642 627 2695 mediam
641 2658 704 2693 rraea
716 2641 777 2693 vela
791 2640 948 2709 Charybdin

162 2711 197 2764 10
249 2712 365 2778 Mittite,
377 2712 518 2780 praesenti
530 2711 597 2763 dum
610 2727 753 2763 careamus
763 2710 859 2762 humo.

212 2782 279 2847 Styx
293 2797 422 2850 quoque,
441 2782 463 2832 si
476 2780 543 2860 quid
555 2798 588 2833 ea
602 2789 656 2848 est,
674 2781 747 2832 bene
759 2776 978 2831 commutabitur
987 2776 1066 2826 Istros

246 2849 274 2899 si
288 2849 356 2929 quid
369 2859 396 2901 et
408 2850 539 2917 inferrus,
557 2868 642 2920 qnam
653 2854 751 2918 Styga,
769 2848 889 2900 mundus
903 2846 993 2899 habet.

211 2916 343 2969 Gramma
362 2919 452 2971 cultus
467 2936 548 2990 ager,
566 2920 655 2989 frigus
669 2919 760 2970 minus
774 2918 834 2970 odit
848 2914 983 2979 hirundo;

244 2987 370 3037 Proxima
383 2988 533 3040 Marticolis
544 3005 628 3062 quam
640 2988 704 3041 loca
719 2989 790 3039 Naso
808 2986 895 3039 Getis,
992 3013 994 3020 ν

139 3119 143 3124 .
160 3050 195 3106 15
212 3051 288 3103 Talia
300 3066 463 3108 succensent
476 3066 591 3126 propter
600 3058 669 3109 mihi
683 3057 769 3108 rerba
781 3055 917 3122 Tomitae,
975 3059 979 3066 '

246 3122 347 3190 Iraque
360 3126 528 3178 carminibus
541 3127 656 3194 publica
670 3134 748 3179 mota
759 3125 838 3178 meis.
926 3149 937 3156 ·

210 3189 283 3257 Ergo
298 3206 348 3259 ego
363 3194 474 3245 cessabo
487 3212 632 3265 nunquam
644 3212 696 3263 per
712 3195 838 3247 carmina
850 3191 933 3258 laedi,
965 3221 968 3228 ,

246 3256 354 3309 Plectar
365 3268 392 3310 et
405 3260 517 3314 incauto
532 3280 642 3332 semper
655 3265 690 3316 ab
707 3261 839 3334 ingenio?

211 3324 284 3394 Ergo
299 3341 368 3397 ego,
388 3329 570 3400 rescribam,
588 3334 689 3406 digitos
701 3333 825 3387 incidere
839 3327 975 3386 ametor?
1032 3368 1036 3376 .
