2334 3842
227 237 451 294 TRISTIUM
471 238 556 294 LIB.
575 239 629 294 111.
648 237 712 294 EL.
731 238 793 295 vt1.
815 237 886 290 vul.
974 236 1035 298 173

79 388 159 454 Pone,
175 380 285 451 Perille,
302 393 421 439 metum.
450 385 657 443 Tantummodo
675 384 781 441 femiae
796 380 907 438 nonsit
991 422 998 431 .

111 456 204 516 Deris,
220 471 273 507 nec
289 455 399 523 scriptis
416 454 505 508 discat
522 473 617 510 amare
634 457 699 510 tuis.
868 508 881 521 „
999 449 1035 507 30

79 526 157 596 Ergo*
167 524 288 577 desidiae
300 541 424 591 remove,
443 522 611 590 doctissime,
629 530 754 591 causess'
810 522 812 529 ’

110 599 196 714 tuque
210 593 298 646 bonas
311 603 384 646 artes
397 603 425 646 et
437 602 486 647 tua
497 612 577 647 sacra
590 594 660 649 redi.
720 651 722 654 ,

78 665 130 717 Ista
161 680 248 731 ecens
266 661 354 715 facies
371 662 463 734 longis
480 663 623 717 vitiabitur
639 664 733 718 anniss

109 735 243 803 Rugaque
258 731 289 784 iu
306 732 420 802 antiqua
436 732 530 786 fronte
547 734 641 787 senilis
658 734 719 786 erit.

76 802 368 873 Iniicietquemanum
384 801 493 855 formae
511 800 645 856 damnosa
661 810 797 868 senectus,

109 875 186 935 Quae
203 870 350 940 strepitum
367 888 449 941 passu
466 889 523 924 non
540 872 663 926 faciente
679 872 763 924 venit.

77 941 197 1012 Cumque
215 940 314 1011 aliquis
331 938 416 1007 dicet,
433 942 497 993 Fuit
513 941 583 997 haec
599 942 741 1004 formosa3
759 938 877 1008 dolebis,

27 1044 28 1059 ³
104 1012 140 1063 Et
156 1008 302 1078 speculum
318 1009 438 1062 mendax
456 1027 514 1063 esse
533 1029 650 1081 querere
666 1020 755 1067 tuum.

76 1080 142 1132 dunt
157 1080 209 1133 tihi
228 1095 244 1131 o
261 1076 295 1130 'es
307 1078 450 1150 modicae,
470 1097 535 1133 eum
552 1081 590 1133 sis
606 1080 767 1152 dignissima
783 1076 901 1149 magnis.

105 1150 192 1220 Finge
209 1097 263 1201 secl
275 1148 417 1203 immensis
435 1149 561 1202 censibus
580 1168 637 1202 esse
655 1166 744 1219 pares.

74 1218 178 1288 Nempe
195 1218 245 1270 det
261 1217 294 1271 id
307 1219 464 1288 cuicunque
481 1217 551 1273 libet
567 1221 701 1287 Fortuna,
717 1213 863 1285 rapitque:

104 1291 163 1339 Irus
182 1296 211 1339 et
228 1297 269 1340 est
284 1288 388 1353 subito,
405 1286 453 1357 qui
469 1287 555 1349 modo
575 1292 689 1342 Croesus
707 1294 775 1340 eret.

26 1350 27 1365 ¹
74 1356 184 1428 Singula
202 1356 269 1438 quid
285 1354 430 1410 referam?
448 1355 488 1408 nil
504 1375 563 1411 non
579 1357 700 1411 mortale
717 1365 855 1420 tenemus,

25 1382 27 1479 l
103 1428 227 1479 Pectoris
246 1428 366 1496 exceptis
382 1425 544 1497 ingeniique
561 1426 654 1481 bonis.
731 1488 736 1496 ⁴
819 1478 821 1481 ,

25 1486 26 1555 i
73 1495 109 1547 En
127 1512 192 1567 ego,
206 1513 273 1549 cum
290 1493 382 1565 petria
398 1512 520 1561 caream,
538 1494 683 1571 vobisque,
700 1493 855 1567 domoque:

102 1566 248 1636 Raptaque
265 1564 329 1633 sint,
346 1563 433 1618 adimi
450 1581 521 1635 qtiae
537 1575 664 1646 potuere,
681 1563 767 1624 mibi3

24 1654 26 1703 g
71 1636 181 1706 ligenio
198 1643 296 1697 tumen
312 1634 372 1704 ipse
388 1650 453 1687 meo
471 1644 648 1706 comitorque
665 1634 830 1703 fruorque:v

24 1714 26 1767 t
102 1707 201 1756 Caesar
217 1703 247 1756 in
264 1703 320 1771 hoc
335 1704 428 1773 potuit
444 1702 512 1756 iuris
529 1703 631 1761 habere
648 1703 728 1769 nibil.

24 1780 26 1787 ’
72 1772 190 1838 Quilibet
202 1772 277 1827 hanc
290 1790 372 1826 saevo
386 1775 473 1844 vitam
490 1772 560 1827 mihi
576 1774 658 1827 finiet
675 1788 754 1835 ense3

58 1890 60 1897 .
101 1845 144 1895 Me
160 1851 257 1895 temen
276 1844 411 1897 exstincto
428 1840 506 1895 fama
521 1853 659 1912 superstes
677 1841 739 1895 erit.

71 1911 194 1982 Dumque
211 1912 268 1964 suis
285 1912 385 1965 victrix
402 1927 517 1964 omnem
534 1912 569 1965 de
587 1911 729 1966 montibus
747 1909 847 1967 orbem

99 1980 253 2051 Prospiciat
269 1980 408 2034 domitum
424 1980 527 2033 Martia
543 1984 641 2046 Roma,
659 1982 748 2052 leger.

69 2049 107 2104 'fu
163 2067 248 2121 oque,
267 2067 351 2120 quam
369 2049 455 2103 studii
470 2060 584 2103 maneat
599 2051 714 2104 felicior
731 2064 823 2116 usus,

23 2158 25 2187 ‚
141 2137 197 2193 uge
213 2127 354 2189 venturos,
372 2137 427 2190 que
442 2128 531 2189 potes,
548 2137 637 2190 usque
652 2136 747 2191 rogos.

225 2374 230 2381 ,
324 2320 827 2397 ΕῙιΕίὶΙΑΧῖΙΙΙ.Η
925 2326 927 2331 ’

68 2427 154 2519 Nunc
172 2481 227 2547 ego
241 2463 408 2534 Triptolemi
426 2481 557 2535 cuperem
574 2464 751 2519 concendere
767 2472 874 2529 marrus,
970 2462 974 2477 ’

23 2552 24 2557 ’
97 2535 171 2588 Misit
187 2554 216 2587 in
230 2535 358 2605 ignotam
375 2533 424 2603 qui
440 2534 509 2586 rude
526 2551 623 2588 semen
639 2535 771 2588 humum:

23 2604 24 2607 ’
67 2603 213 2675 Nuneego
232 2603 346 2659 Medeae
361 2603 463 2670 uellem
479 2603 593 2657 frenare
609 2604 755 2671 dracones,

98 2677 174 2738 Quos
189 2673 290 2726 habuit
305 2674 414 2743 fugiens
431 2690 507 2741 arce,
523 2674 664 2741 Corintbe,
673 2683 746 2726 tue:

23 2788 24 2795 ,
67 2742 143 2796 Nunc
161 2760 213 2813 ego
230 2744 375 2795 iactandas
391 2751 518 2810 optarem
534 2761 646 2797 sumere
662 2756 778 2813 pennas,

97 2813 159 2865 Sive
175 2821 246 2879 tuas,
263 2814 380 2865 Perseu:
398 2811 528 2876 Daedale,
544 2812 601 2864 sive
618 2822 693 2867 tues:

66 2881 108 2948 Ut,
123 2880 223 2959 tenere
234 2881 338 2945 nostris
353 2879 470 2937 cedente
483 2880 621 2935 volatibus
636 2898 713 2948 eura,

96 2950 275 3020 Adspicerem
286 2952 393 3020 patriae
407 2949 490 3003 dulce
501 2959 617 3019 repente
628 2950 735 3003 solusne

65 3015 249 3091 Deserteeque
261 3019 362 3072 domus
376 3019 492 3080 vultum,
508 3036 647 3072 memores
668 3035 703 3073 ue
716 3014 835 3084 sodales,

97 3091 220 3159 Curaque
231 3091 388 3211 praecipue
405 3088 530 3159 coniugis
547 3106 598 3141 ora
615 3038 692 3142 mibi.
981 3078 1017 3133 1⁰

67 3157 162 3225 Stulte,
182 3159 228 3229 qui
267 3175 284 3211 o
301 3158 407 3233 frustra
422 3158 493 3213 votis
509 3158 663 3228 puerilibus
678 3165 768 3227 optes,

23 3288 24 3293 η
98 3230 174 3290 Quae
191 3245 249 3280 non
265 3227 324 3279 ulla
340 3228 414 3293 tulit,
431 3226 553 3297 fertque,
568 3226 706 3296 feretque,
723 3223 801 3283 dies?

57 3293 92 3354 ‚ti
106 3296 193 3350 semel
210 3297 366 3366 optandum
383 3304 437 3350 est:
453 3302 611 3367 Augustum
625 3314 731 3353 nusuen
747 3294 850 3357 adom
878 3352 880 3361 x

96 3367 130 3419 Et
145 3383 232 3439 quem
247 3365 362 3436 laesisti,
377 3366 431 3435 rite
446 3382 574 3437 precare,
592 3366 685 3422 deum.
