2334 3842
222 294 225 305 ·
328 224 748 323 numennumen.

93 409 234 479 Vindicat,
253 419 286 464 et
297 410 377 465 festis
392 410 499 503 gaudet
510 411 600 465 inesse
617 410 685 468 suis.
758 390 762 403 ⁸

63 535 120 609 Sex
130 549 190 613 ubi,
208 564 279 618 qnae
293 556 409 615 restant,
427 548 505 603 luces
522 549 626 619 Aprilis
641 546 774 615 habebit;

93 623 124 669 In
136 618 232 670 medio
243 636 326 670 cursu
339 622 468 687 tempora
480 619 552 671 reris
568 628 659 673 erunt.

61 687 93 739 Et
102 688 211 739 fnestra
223 688 360 758 pecudem
374 705 491 757 quaeres
501 687 712 741 Athamantidos
726 686 836 741 Helles:
870 740 874 751 ‚

92 756 232 836 Signaque
247 757 314 809 dant
325 757 445 809 imbres:
462 758 641 829 exoriturque
652 756 740 813 Canis.

62 826 116 877 Hac
130 824 201 877 mim
214 826 355 878 Nomento
369 828 490 878 Romam
499 843 565 881 curn
578 826 642 879 luce
651 825 785 894 redirem,

92 894 207 947 Obstitit
217 895 247 946 in
262 894 356 947 media
369 894 488 948 candida
498 910 604 976 pompa
616 895 670 948 via.
794 938 797 943 .
886 958 889 965 ¹

61 962 174 1016 Flamen
186 964 220 1016 in
228 964 359 1035 antiquae
370 963 468 1017 Incrnn
480 964 622 1036 Robiginis
636 964 705 1031 ibat,

91 1036 159 1085 Exta
173 1034 250 1086 canis
263 1033 398 1101 flammis,
414 1042 475 1086 exta
489 1034 604 1087 daturus
620 1033 686 1087 ovis.

61 1103 186 1154 Protinus
199 1103 314 1168 accessi,
330 1102 400 1157 ritus
413 1120 449 1155 ne
464 1103 573 1157 nescius
587 1119 686 1157 essem.
726 1132 729 1147 ι

91 1172 183 1224 Edidit
198 1172 268 1224 baec
281 1172 396 1225 Flamen
408 1171 501 1238 rerba,
519 1173 645 1238 Quirine,
656 1168 746 1224 tuus:
836 1234 840 1239 ι

62 1242 160 1309 Aspera
171 1241 291 1321 Robigo,
308 1258 407 1310 parcas
422 1241 578 1293 Cerealibus
590 1240 696 1305 herbis,
781 1238 785 1243 ’

90 1312 124 1361 Et
136 1319 240 1362 tremat
251 1328 279 1361 m
296 1328 405 1362 summa
419 1309 482 1362 leve
500 1326 637 1362 cacumen
648 1310 747 1362 humo.
810 1370 813 1380 Ι
880 1308 883 1315 “

62 1379 99 1431 Tu
109 1387 171 1432 sata
183 1379 318 1432 sideribus
333 1379 406 1432 coeli
417 1378 523 1432 nutrita
535 1377 650 1431 secundi

92 1449 229 1515 crescere,
248 1448 316 1500 dum
325 1449 395 1501 fiant
410 1447 530 1501 falcibus
546 1456 621 1516 apta,
636 1446 719 1498 sinas.

61 1516 105 1570 Vis
114 1525 164 1569 tua
175 1534 233 1570 non
246 1517 314 1569 levis
329 1527 379 1571 est.
414 1520 493 1582 Quae
505 1526 537 1569 tu
550 1517 694 1568 fraumenta
705 1514 821 1581 notasti,

91 1583 210 1638 Moestus
220 1587 250 1638 in
263 1586 370 1639 amissis
379 1585 429 1639 illa
442 1585 559 1639 colonus
570 1585 665 1639 babet.

61 1654 115 1707 Nec
126 1654 201 1707 venti
211 1664 323 1709 tantum
336 1656 429 1709 cerari
440 1672 573 1720 nocuere,
590 1672 643 1708 nec
654 1652 770 1721 imbres,

24 1778 25 1781 ,
90 1725 146 1777 Nec
154 1725 195 1777 sic
208 1741 370 1778 marmoreo
385 1724 472 1794 pallet
485 1724 582 1777 adusta
593 1724 674 1805 gelus

63 1792 205 1859 Quantum,
222 1794 246 1845 si
258 1795 366 1847 culmos
379 1795 461 1846 Titan
477 1793 715 1847 inmlfeutudos.
809 1803 813 1813 “

90 1862 158 1915 Tum
174 1862 255 1915 locus
269 1871 310 1915 est
324 1864 393 1931 irae,
410 1863 478 1916 Diva
489 1862 625 1930 timenda,
641 1871 716 1915 tuae.
848 1866 850 1871 ’
957 1852 1017 1908 92⁰·

61 1929 147 1996 Parce,
164 1946 275 2001 precor,
291 1932 458 2002 scabrasque
472 1949 572 1984 manus
587 1949 605 1984 a
618 1930 753 1984 meatibus
769 1926 864 1992 anier3

90 2001 162 2053 Neve
171 2018 244 2053 noce
259 2001 357 2053 cultis:
373 2018 455 2071 posse
467 1998 572 2057 nocere
584 2009 627 2070 sat
641 2008 691 2053 est.

62 2067 113 2120 Nec
123 2078 233 2123 teneras
248 2079 366 2140 segetes,
383 2069 433 2122 sed
447 2069 550 2122 durum
562 2068 732 2138 amplectere
746 2066 875 2120 sanutus

92 2139 167 2202 Quod
206 2147 326 2219 epotest
336 2139 404 2191 alios
418 2138 546 2208 perdere,
563 2138 653 2207 perde
666 2136 754 2207 prior.

64 2204 151 2260 Utilius
164 2208 273 2279 gadios
286 2216 314 2260 et
327 2207 385 2260 tela
398 2207 532 2261 nocentia
545 2224 654 2277 carpes.
956 2197 1009 2254 925

90 2275 132 2327 Nil
143 2294 211 2346 opus
223 2286 265 2329 est
275 2276 344 2329 illis:
364 2277 422 2329 otia
434 2276 556 2328 mundus
567 2285 643 2347 agat.

63 2343 166 2398 sarcula
174 2363 261 2412 nunc,
278 2345 419 2417 durusque
432 2344 540 2412 bidens,
559 2354 588 2398 et
600 2360 700 2398 vomer
712 2340 847 2408 aduncus,

90 2413 165 2467 Ruris
178 2432 245 2485 opes
260 2415 383 2468 niteant:
399 2413 528 2485 inquinet
541 2430 620 2467 arma
630 2414 708 2467 situs.

63 2479 225 2554 conatuque
239 2484 338 2553 aliquis
352 2484 451 2555 pagina
468 2483 572 2537 ducere
584 2484 704 2549 serrum,

89 2551 251 2606 Adstrictum
265 2553 351 2623 longa
364 2554 466 2606 sentiat
480 2570 540 2606 esse
553 2569 643 2606 mora.
795 2578 807 2611 s
953 2543 1006 2603 980
1025 2584 1030 2597 s

62 2619 92 2668 At
101 2627 130 2672 tu
140 2639 178 2675 ne
189 2623 264 2675 viola
276 2624 420 2676 Cererem:
439 2639 605 2692 semperque
620 2621 737 2676 colonus

84 2689 194 2766 ⁴Absenti
204 2691 293 2761 possit
303 2691 413 2744 solvere
427 2700 492 2744 vota
503 2691 564 2745 titi.

62 2753 169 2816 Dixerat.
195 2766 218 2812 Δ
232 2761 330 2813 dextra
344 2760 417 2813 villis
432 2760 555 2814 mantele
567 2757 675 2823 solutis,

89 2827 207 2900 Cumque
217 2829 291 2882 meri
302 2838 401 2898 patera
412 2832 481 2885 turis
496 2845 595 2882 acerra
607 2828 671 2879 fuit.

64 2891 368 2968 Durafocisrinumque
381 2898 465 2959 dedit,
482 2898 625 2968 fibrasque
634 2892 764 2961 bidentis,
950 2888 1003 2947 935

89 2964 240 3049 'lbrpiaqne
254 2969 418 3034 obscoenae,
436 2967 565 3028 vidimus,
580 2974 642 3018 exta
653 2961 738 3016 canis.
806 3029 813 3041 ·

64 3030 123 3086 lum
133 3036 208 3105 rniln,
227 3039 283 3090 Cur
295 3036 377 3090 detur
392 3035 478 3089 sacris
489 3053 561 3088 nova
574 3032 698 3099 victima,
716 3029 847 3103 queens?

90 3105 275 3165 Quaesieram:
292 3123 405 3159 causam
416 3105 537 3174 percipe,
551 3103 667 3165 Flamen
682 3100 737 3156 ait:

64 3167 101 3220 F-tt
111 3173 194 3240 Canis,
212 3176 334 3227 Icarium
347 3175 450 3237 dicunt,
470 3190 525 3243 qno
536 3172 628 3225 sidere
638 3179 717 3224 moto

89 3239 166 3294 l’osta
176 3243 235 3296 sitit
244 3243 336 3310 telins,
352 3243 578 3313 praecipiturque
590 3257 678 3313 seges.

64 3307 106 3359 Pro
117 3327 183 3365 cane
196 3312 306 3366 sidereo
320 3314 397 3366 canis
408 3312 456 3364 bic
470 3311 625 3380 imponitur
637 3325 719 3363 arae:

90 3377 127 3446 Et,
143 3397 227 3453 qnare
243 3390 354 3454 pereat,
370 3382 412 3436 nil
424 3380 478 3435 uisi
490 3397 597 3435 nomen
611 3380 706 3439 babet.
